1946 3298
943 135 1030 179 492

198 267 302 310 olim
343 265 583 322 suspicabar
624 277 706 306 non
749 276 836 306 esse
866 261 1192 311 Plutarcheum,
1227 259 1298 303 sed
1330 259 1508 303 meliora
1540 273 1609 303 me
1640 257 1774 302 Doch-

199 351 324 379 nerus
355 337 508 379 docuit.

260 476 366 534 Pag.
400 474 486 517 243
515 475 549 516 b.
593 474 662 515 ἐὰν
704 473 910 522 ποιητικὴν
952 470 1077 513 πάλιν
1111 471 1132 520 ἢ
1167 471 1437 519 ΜΙΜΗτικην
1477 469 1775 522 ἀποφαίνοντες

200 549 279 598 οὐχ
322 547 460 598 ἑτέραν
499 546 573 596 μὲν
616 544 762 596 ἀνδρῶν
805 544 943 595 ἑτέραν
989 543 1028 584 δὲ
1074 546 1273 593 γυναικῶν
1318 539 1438 583 οὖσαν
1481 542 1536 582 τα
1571 543 1776 592 Σαπφοῦς

202 618 308 668 μέλη
351 622 434 663 τοῖς
478 615 758 667 Ἀνακρέοντος
794 615 814 663 ἢ
850 615 905 655 τα
939 619 1221 655 ΣΙΒΤΛΛΙ-ΙΕ
1256 611 1382 661 λόγια
1414 616 1497 658 τοῖς
1531 616 1777 652 ΒΑΚΙΔΟΟ

203 684 645 739 ἀντιπαραβάλλοιμεν
677 685 765 727 κτὲ.
830 683 1106 726 Manifestum
1140 687 1202 725 est
1234 697 1284 723 ex
1316 681 1506 738 Sibyllae
1535 685 1577 723 et
1608 680 1777 723 Bacidis

203 758 601 801 commemoratione
641 769 715 812 pro
766 755 991 806 μιμητικήν
1037 753 1318 795 Plutarchum
1365 753 1579 808 scripsisse
1628 757 1776 793 MAN-

203 829 334 879 τικήν.

263 969 369 1025 Pag.
403 966 489 1009 243
508 969 544 1008 d.
577 964 675 1008 ὅσων
706 963 822 1017 οἶμαί
852 981 897 1007 σε
929 964 1160 1019 [βεβαίοις]
1195 963 1375 1015 βιβλίοις
1411 963 1666 1016 ἐντυχοῦσαν
1699 962 1778 1005 ἱςο-

204 1039 290 1092 ρίαν
323 1037 433 1089 ἔχειν
466 1036 533 1078 καὶ
566 1042 724 1087 γνῶσιν.
774 1036 1047 1079 Manifestam
1079 1035 1413 1092 dittographiam
1445 1034 1564 1077 vides
1597 1038 1777 1074 BeBAI-

208 1115 299 1152 OIC
331 1132 387 1140 ·-
420 1112 679 1150 BIBAIOIC.

264 1247 369 1304 Pag.
414 1244 500 1288 247
521 1246 570 1301 f.
618 1245 794 1294 μυθῶδες
841 1244 916 1295 μέν
967 1244 1070 1292 ἐςιν,
1114 1242 1202 1294 ἔχει
1248 1242 1289 1284 δέ
1330 1259 1422 1285 τινα
1464 1244 1608 1296 φήμην
1647 1242 1777 1294 ὂμΟΤ

205 1320 505 1371 μαρτυροῦσαν.
570 1315 691 1358 Nihil
724 1319 787 1357 est
818 1316 929 1366 ὁμοῦ.
993 1314 1182 1356 Emenda
1214 1311 1366 1364 ἕμΩΟ.

264 1457 370 1514 Pag.
405 1454 491 1499 248
518 1471 550 1496 c.
595 1455 667 1503 την
708 1453 932 1505 λεγομένην
976 1453 1180 1505 Χίμαιραν
1223 1453 1302 1506 ὅρος
1347 1454 1536 1503 ἀντήλιον
1566 1453 1778 1505 γεγονέναι

206 1529 314 1581 φασὶ
350 1528 417 1569 καὶ
454 1532 579 1568 ποιεῖν
613 1525 864 1571 ἀνακλάσεις
901 1525 989 1581 [καὶ
1023 1525 1288 1580 ἀνακαύσεις]
1318 1526 1356 1566 ἐν
1379 1526 1432 1577 τῷ
1458 1525 1553 1576 θέρει
1578 1524 1780 1577 χαλεπάς

207 1601 275 1642 καὶ
310 1597 513 1650 πυρώδεις.
575 1597 759 1639 Evidens
799 1600 860 1639 est
894 1597 930 1637 si
962 1609 1044 1651 qua
1075 1595 1158 1638 alia
1190 1595 1477 1652 dittographia
1510 1596 1781 1638 'ANAKAA-

209 1676 327 1712 celc
361 1694 417 1701 -—
449 1670 835 1710 ’ANAKATcelo
887 1664 1093 1722 Compara
1124 1665 1267 1708 locum
1298 1667 1513 1708 vicinum:
1548 1665 1593 1707 τὸ
1622 1664 1781 1707 λειότα-

206 1756 273 1783 τον
304 1739 373 1782 καὶ
407 1739 575 1791 μάλιςα
606 1739 683 1784 τοὶς
717 1736 1056 1784 ἀνακλάσεις
1095 1736 1417 1781 ἀνταποςέλλον.

266 1880 372 1937 Pag.
405 1878 491 1921 249
510 1879 549 1920 d.
582 1883 674 1926 ταῖς
708 1877 811 1920 Κίων
844 1876 1048 1930 παρθένοις
1074 1876 1155 1925 ἔθος
1183 1872 1240 1924 ἦν.
1274 1875 1555 1920 Scribendum
1583 1880 1778 1925 ΚΕΙΩΝ,

207 1952 252 1993 ἐκ
284 1950 369 1993 Κέω
402 1955 474 1999 τῆς
509 1949 638 1998 νήσου.

267 2096 371 2151 Pag.
406 2093 490 2137 251
511 2108 544 2134 c.
581 2091 847 2150 ἀποσφάττει
879 2093 950 2140 την
983 2091 1195 2143 παρθένον,
1229 2093 1280 2137 ὡς
1314 2089 1473 2143 ἔτυχεν,
1510 2092 1548 2133 ἐν
1578 2096 1659 2137 τοῖς
1690 2090 1782 2132 κόλ-

209 2183 294 2213 ποις
339 2168 407 2207 τοῦ
451 2163 604 2216 πατρὸς
643 2162 851 2215 ἔχουσΑΝ
884 2162 928 2203 τὸ
963 2162 1181 2214 πρόσωπον.
1245 2160 1415 2205 Mutata
1446 2162 1781 2218 interpunctione

206 2236 459 2295 legendum:
492 2236 541 2281 ὡς
575 2232 721 2285 ἔτυχεν
758 2258 811 2265 -
846 2233 1024 2285 {zoua-A.

268 2377 372 2433 Pag.
416 2374 498 2417 251
530 2375 570 2415 d.
620 2371 735 2426 ἄφνω
781 2372 821 2414 δὲ
862 2372 1004 2414 πολλοὶ
1049 2376 1125 2414 τῶν
1167 2375 1236 2415 τοῦ
1279 2371 1467 2423 τυράννου
1512 2372 1780 2424 ἕπεφΕΡοντο

209 2448 341 2499 μένειν
371 2446 542 2497 βοῶντες
577 2444 635 2486 ἔτι
669 2443 873 2495 πόρρωθεν.
936 2442 1082 2498 Neque
1115 2442 1305 2494 πόρρωθεν
1333 2443 1515 2496 impetum
1535 2442 1683 2496 facere
1709 2455 1781 2497 po-

210 2521 361 2567 terant,
398 2520 439 2559 et
463 2530 618 2557 manere
645 2515 776 2556 iubere
800 2527 882 2556 non
909 2517 970 2555 est
997 2513 1296 2570 aggredientis.
1330 2512 1433 2569 Leg.
1464 2513 1778 2564 ἐπεφΛΙΝοντο.

270 2658 376 2714 Pag.
408 2654 494 2699 252
513 2669 545 2695 c.
579 2654 685 2704 μήτε
720 2654 854 2695 ἐκεῖνοι
888 2656 1020 2698 κακῶς
1053 2650 1153 2693 οὕτω
1181 2652 1418 2704 φρονήσειαν
1449 2649 1524 2694 ὥςε
1552 2649 1781 2701 φειδόμενοι

211 2728 428 2781 παιδαρίων
460 2725 528 2767 καὶ
556 2726 766 2775 γυναιΚῶν
795 2724 1097 2773 ἐγκαταλιπεῖν
1125 2724 1197 2769 την
1223 2728 1296 2771 τῆς
1323 2721 1513 2774 πατρίδος
1539 2720 1779 2773 ἐλευθερίαν.

212 2798 472 2848 Contemtim
504 2796 688 2838 dixerat:
723 2793 944 2846 παιδαρίων
975 2793 1043 2836 καὶ
1077 2798 1282 2844 γυνΑΙων.
