1946 3298
572 730 659 778 DE
702 732 909 780 LOCIS
955 732 1401 782 QUIBUSDAM

618 866 771 908 APUD
805 866 1353 910 HARPOCRATIONEM.

828 1085 1133 1119 W

812 1266 1103 1297 HARPOCRATIONJS
1134 1266 1267 1298 Lexicon
1292 1267 1325 1298 in
1348 1268 1453 1298 decem
1476 1268 1626 1298 Oratores
1649 1266 1771 1297 Atticos

858 1331 893 1351 ex
917 1321 1094 1351 recensione
1119 1322 1281 1353 GULIELMI
1304 1323 1488 1353 DINDORFH.
1515 1322 1630 1353 Oxonii
1655 1322 1749 1352 1853.

251 1445 555 1500 Harpocration
593 1459 636 1487 v.
673 1444 803 1486 ’Λείε
847 1445 936 1486 ἀντὶ
979 1449 1049 1488 τοῦ
1093 1444 1198 1491 ἕως.
1249 1448 1367 1497 Δεῦρ’
1399 1445 1466 1486 οέεί
1496 1445 1770 1487 Athenienses

191 1515 384 1558 dicebant
415 1529 489 1570 pro
521 1514 645 1567 μέχρι
679 1515 813 1566 δεῦρο,
849 1513 918 1562 ἕως
952 1517 1085 1568 δεῦρο,
1119 1531 1239 1571 usque
1270 1517 1407 1557 adhuc.
1475 1514 1628 1557 Omnia
1664 1529 1770 1570 quae

189 1585 272 1628 huc
312 1587 524 1641 pertinent
561 1600 657 1628 cum
692 1585 930 1641 pulvisculo
962 1587 1135 1644 collegit
1166 1586 1468 1628 Valckenarius
1500 1586 1551 1628 ad
1582 1586 1769 1628 Phoenis-

188 1672 252 1698 sas
281 1671 343 1699 vs.
381 1656 510 1698 1215.

701 1728 803 1780 δεῦρ’
837 1728 900 1769 οέεὶ
935 1728 1017 1779 γὰρ
1051 1729 1257 1780 εὐτυχεῖς.

245 1799 377 1841 Affert
416 1799 722 1854 Harpocration
764 1803 806 1841 et
847 1803 970 1841 vetus
1016 1798 1252 1841 Scholiasta
1294 1796 1496 1854 Aeschyli
1541 1797 1766 1853 (Eumenid.

191 1868 309 1925 596.)
340 1871 492 1911 incerti
523 1873 668 1924 poetae
701 1871 935 1912 senarium:

490 1938 599 1986 οὗτος
633 1940 707 1990 μὲν
741 1938 803 1982 οὖν
835 1956 901 1991 μοι
935 1941 1038 1992 δεῦρ’
1073 1940 1135 1982 οέεὶ
1169 1939 1287 1981 τείνει
1321 1938 1453 1989 λόγος.

183 2025 282 2054 nam
316 2013 375 2053 sic
406 2011 629 2065 utrobique
660 2011 939 2053 scribendum.
1005 2011 1054 2052 In
1085 2011 1276 2053 Platonis
1307 2010 1476 2062 Leyibus
1509 2010 1649 2052 editur
1676 2009 1767 2052 VII.

185 2095 281 2138 pag.
315 2080 449 2122 Sllo.
485 2080 739 2132 ἀποβλέψας
774 2081 867 2133 πρὸς
901 2081 992 2127 τοὺς
1027 2081 1200 2132 λόγους,
1235 2079 1298 2126 οὓς
1334 2079 1378 2129 ἐξ
1412 2078 1458 2121 ἕω
1494 2080 1618 2133 μέχρι
1660 2082 1768 2131 δεῦρο

187 2158 263 2193 ΔΗ
295 2153 590 2202 διεληλύθοεμεν
625 2153 763 2201 ἡμεῖς,
792 2153 863 2194 sed
891 2166 1041 2194 manus
1069 2152 1259 2194 Platonis
1286 2155 1449 2193 servata
1477 2155 1539 2193 est
1567 2165 1590 2193 a
1617 2151 1769 2192 Photio

183 2236 234 2264 ex
277 2224 543 2265 annotatione
584 2222 736 2265 Boethi
777 2222 914 2279 (cuius
955 2222 1071 2265 locus
1114 2237 1224 2264 nunc
1269 2221 1380 2277 apud
1421 2221 1559 2263 solum
1592 2220 1769 2263 Suidam

184 2297 411 2348 superest):
457 2294 604 2344 Δεῦρ’
635 2295 744 2335 ozel:
780 2295 869 2336 ἀντὶ
906 2298 994 2336 τοῦ
1029 2292 1118 2341 ἕως
1152 2292 1361 2335 τούτου.
1410 2293 1587 2335 Πλάτων
1621 2291 1770 2342 Νόμων

183 2370 229 2406 Ζ.
276 2363 396 2415 ηπρὸς
440 2364 531 2410 τοὺς
570 2363 741 2413 λόγους,
775 2363 840 2411 οὓς
874 2363 917 2414 ἐξ
949 2363 996 2406 ἕω
1030 2364 1154 2417 μέχρι
1188 2363 1293 2416 δεῦρ’
1329 2364 1391 2405 οΞεὶ
1431 2360 1770 2412 διεληλύθαμεν.”

181 2434 304 2476 Plato
337 2435 575 2489 scripserat:
609 2433 652 2483 ἐξ
684 2433 732 2476 ἕω
765 2436 866 2487 δεῦρ’
901 2436 1007 2478 ἈΕΙ
1040 2435 1350 2483 διεληλύθαμεν.
1403 2433 1638 2488 Adscripsit
1665 2432 1769 2475 olim

180 2505 318 2546 nescio
351 2505 443 2559 quis
475 2504 622 2556 μέχρι,
659 2507 769 2560 quod
801 2510 842 2548 et
873 2508 917 2547 in
950 2505 1141 2548 Platonis
1177 2505 1306 2547 libros
1337 2506 1506 2560 irrepsit
1532 2507 1573 2545 et
1598 2503 1696 2546 hinc
1724 2505 1769 2545 in

179 2574 418 2617 Platonicas
450 2573 599 2625 λέξεις,
633 2580 682 2617 ut
716 2577 760 2617 in
794 2576 968 2625 Νυνδή
1003 2577 1113 2632 apud
1143 2576 1349 2618 Photium
1375 2573 1678 2629 interpolatum
1706 2578 1769 2616 est

183 2646 337 2701 [ὀλίγον
371 2644 625 2698 ἔμπροσθεν]

239 2715 478 2758 Stallbaum
520 2715 737 2758 commode
779 2716 925 2757 attulit
958 2731 1008 2759 ex
1039 2717 1201 2759 Politia.
1237 2731 1337 2774 pag.
1376 2715 1462 2758 292
1481 2731 1512 2757 e.
1551 2715 1619 2756 καὶ
1655 2715 1766 2757 κατὰ

177 2787 221 2836 δὴ
255 2789 393 2828 τοῦτον
425 2786 491 2826 τὸν
522 2785 663 2836 τρόπον
695 2786 922 2838 μερίζοντες
957 2787 1087 2837 δεῦρ’
1120 2788 1202 2829 οέεὶ
1238 2786 1593 2839 προεληλύθοιμεν.
1644 2784 1766 2841 Spre-

174 2859 238 2901 vit
282 2861 426 2899 tamen
470 2858 515 2898 in
561 2856 728 2909 Leqibas
771 2858 893 2898 unice
942 2871 1086 2899 veram
1134 2857 1360 2900 lectionem
1408 2858 1506 2912 quia
1553 2856 1768 2906 nesciebat

171 2933 350 2986 quantae
383 2928 644 2970 auctoritatis
676 2930 829 2968 testem
860 2927 1043 2969 haberet.
