1946 3298
976 143 1063 186 210

295 267 517 323 Euripides
549 268 702 326 fragm.
738 269 809 312 28.

738 343 864 392 σοφοῦ
899 340 992 390 πρὸς
1027 338 1164 390 ἀνδρὸς
1196 337 1276 385 δ’ςις
1313 340 1350 380 ἐν
1382 339 1543 392 βραχεῖ

506 411 680 456 πολλοὺς
714 410 859 461 λόγους
895 408 968 456 οἷός
999 426 1044 451 τε
1078 408 1310 459 συντέμνειν
1345 414 1495 456 καλῶς.

235 477 385 521 melior
409 483 470 523 est
493 481 718 523 verborum
743 482 960 536 dispositio
985 480 1096 535 apud
1119 480 1443 535 Aristophanem
1470 481 1690 536 Thesmopb.
1710 480 1810 525 117.

503 551 678 599 πολλοὺς
712 555 846 598 καλῶς
879 548 953 598 οἷός
989 567 1035 592 τε
1067 549 1301 600 συντέμνειν
1335 549 1493 601 λόγους.

293 709 515 765 Euripides
545 711 697 767 fragm.
732 710 802 752 29.
838 724 935 768 pag.
970 708 1071 752 296.

533 783 657 831 σιγᾶν
690 784 914 833 φρονοῦντα
950 786 1128 832 κρεῖσσον
1163 781 1218 826 εἷς
1252 780 1417 830 ὁμιλίαν

535 851 735 893 πεσόντα·
770 852 898 903 τούτῳ
932 852 966 893 δ’
999 851 1108 902 ἀνδρὶ
1143 851 1243 901 μήτ’
1277 850 1358 898 εἴην
1389 851 1510 904 φίλος

531 923 639 971 μήτε
672 921 825 971 ξυνείην
858 920 940 968 ὅςις
974 922 1158 973 αὐτάρκη
1192 926 1348 974 φρονεῖν

533 992 696 1034 πέποιθε
731 993 890 1038 δούλους
925 992 1015 1037 τοὺς
1052 993 1197 1043 φίλους
1234 992 1471 1042 ἡγούμενος.

231 1064 367 1117 prima
408 1063 535 1105 verba
578 1077 700 1105 sensu
741 1063 864 1118 plane
906 1066 1055 1105 carent.
1122 1062 1315 1104 Lacunae
1358 1066 1519 1104 veteres
1556 1066 1714 1104 temere
1747 1077 1815 1104 ex-

232 1133 369 1188 pletae
402 1137 500 1175 sunt
531 1137 572 1175 et
605 1134 705 1188 quid
739 1134 894 1175 dixerit
927 1137 1049 1188 poeta
1080 1148 1162 1176 non
1196 1138 1258 1176 est
1291 1149 1341 1176 ex
1373 1135 1563 1189 apicibus
1594 1133 1815 1175 literarum

232 1204 530 1258 expiscandum
561 1204 633 1246 sed
660 1218 709 1246 ex
740 1206 851 1246 vitae
877 1218 957 1245 usu
985 1207 1026 1245 et
1051 1205 1234 1261 ingeniis
1260 1204 1484 1246 hominum
1511 1205 1814 1261 indagandum.

229 1274 373 1315 Etiam
414 1280 554 1316 nostra
594 1276 799 1316 memoria
842 1275 1042 1316 vixerunt
1086 1275 1235 1331 magni
1279 1279 1320 1316 et
1363 1274 1566 1329 praeclari
1605 1275 1709 1325 viri,
1744 1275 1814 1317 sed

231 1344 374 1399 paullo
417 1347 744 1401 arrogantiores,
781 1347 852 1400 qui
885 1347 1119 1399 quaesitam
1153 1346 1318 1386 meritis
1350 1346 1615 1400 superbiam,
1651 1345 1723 1387 sed
1753 1347 1816 1387 ni-

232 1416 391 1465 miam,
437 1422 649 1457 sumentes
683 1430 724 1458 se
758 1415 866 1457 solos
895 1417 939 1456 in
973 1417 1089 1457 omni
1120 1430 1164 1458 re
1196 1429 1338 1471 sapere
1370 1430 1504 1471 neque
1536 1415 1624 1458 ulla
1663 1417 1816 1458 amico-

231 1499 328 1526 rum
360 1500 434 1541 ope
466 1490 539 1528 aut
571 1486 742 1528 consilio
774 1486 966 1543 indigere
1000 1487 1291 1541 opinabantur.
1355 1486 1418 1528 Ex
1449 1486 1602 1529 horum
1634 1488 1816 1543 ingeniis

232 1556 449 1613 colligitur
480 1560 626 1612 poetae
659 1559 866 1599 sententia
897 1557 1024 1599 haec:

471 1630 594 1678 σιγᾶν
626 1631 850 1681 φρονοῦντα
883 1634 1063 1679 κρεῖσσον
1098 1627 1119 1676 ἢ
1154 1628 1209 1674 εἷς
1246 1627 1512 1669 ΑΎΘΛΔίαν

471 1705 625 1741 πεσεῖν.
688 1698 890 1751 ΤΟΙούτῳ
923 1699 957 1740 δ’
991 1698 1099 1751 ἀνδρὶ
1136 1699 1233 1748 μήτ’
1268 1698 1349 1747 εἴην
1383 1699 1505 1752 φίλος

473 1771 580 1818 μήτε
612 1768 778 1818 ξυνείην.

230 1841 274 1881 in
315 1840 524 1895 plerisque
563 1839 684 1882 libris
726 1843 788 1882 est
821 1845 998 1892 κρεῖσσον
1031 1840 1052 1888 ἢ
1089 1841 1168 1891 εἷς,
1204 1843 1246 1882 et
1278 1840 1298 1888 ἤ
1333 1843 1427 1896 post
1461 1844 1639 1892 κρεῖσσον
1673 1840 1814 1883 abesse

232 1911 401 1953 omnino
433 1924 517 1953 non
548 1913 700 1966 potuit.

290 2071 513 2127 Euripides
545 2071 702 2128 fragm.
739 2070 808 2113 36.

530 2147 711 2192 ’γυναῖκα
743 2142 777 2183 δ’
811 2139 892 2187 δ’ςις
927 2140 1135 2183 παύσεται
1170 2141 1303 2192 λέγων
1335 2145 1491 2192 κακῶς,

533 2212 694 2260 δυ’ςηνος
728 2208 808 2264 ἆρα
844 2213 910 2254 κού
946 2212 1069 2264 σοφὸς
1106 2215 1367 2260 κεκλήσεται.

288 2284 425 2326 Prava
468 2285 675 2325 sententia
719 2287 779 2325 est
823 2287 864 2325 et
907 2287 1053 2339 poetae
1093 2284 1200 2325 vitio
1235 2287 1276 2325 et
1309 2284 1552 2325 scribarum.
1618 2284 1816 2342 Nugatur

232 2357 304 2410 qui
345 2354 553 2408 sapientem
597 2354 692 2396 vult
736 2354 821 2395 sine
864 2354 1153 2395 intermissione
1193 2354 1423 2395 mulieribus
1463 2356 1706 2406 maledicere,
1743 2356 1815 2398 sed

233 2427 291 2466 sic
333 2424 554 2478 Euripides
598 2424 716 2466 solet.
783 2424 951 2466 Scribae
993 2430 1218 2479 peccarunt
1251 2426 1295 2466 in
1329 2421 1409 2476 ἆρα
1441 2425 1558 2477 (libri
1590 2425 1713 2483 ἄρα),
1746 2428 1815 2469 cui

230 2494 338 2536 nihil
379 2494 448 2535 hic
488 2494 569 2535 loci
612 2498 696 2544 est,
735 2509 869 2550 neque
902 2495 1064 2543 δύςηνος
1101 2501 1142 2537 et
1176 2495 1302 2548 σοφός
1338 2495 1442 2537 bene
1474 2497 1583 2537 inter
1615 2510 1658 2538 se
1691 2510 1814 2552 oppo—

230 2569 403 2607 nuntur.

291 2734 437 2788 Eurip.
471 2733 624 2789 fragm.
661 2732 730 2775 62.
763 2747 859 2790 pag.
896 2733 998 2776 301.

476 2808 579 2853 μισῶ
613 2804 736 2855 σοφὸν
770 2803 807 2844 ἐν
841 2803 1020 2853 λόγοισιν
1051 2805 1107 2849 εἷς
1141 2805 1174 2846 δ’
1207 2803 1338 2853 ὄνησιν
1370 2806 1411 2846 οὐ
1443 2805 1582 2859 σοφόν.

292 2873 490 2918 Meineke
522 2887 719 2917 numeros
751 2875 810 2916 sic
843 2876 1099 2930 composuit:
