1946 3298
954 165 979 210 '7

238 290 330 332 Lib.
374 288 470 332 XII.
515 288 570 330 26
588 304 625 331 a.
661 303 759 346 pag.
797 287 896 332 ¹758.
931 291 1065 333 Bekk.
1107 292 1265 342 μόνον
1308 294 1377 335 οὐκ
1410 293 1480 342 ἤδη
1514 295 1746 344 μελλόντων

180 359 373 411 συνάγειν
415 360 469 406 εἷς
512 360 590 406 τάς
631 366 777 413 χεῖρας
822 366 904 407 τοῖς
947 361 1114 414 ἐχθροῖς.
1178 365 1323 405 Graeci
1355 363 1547 406 dicebant
1576 363 1749 408 “OCON

178 431 248 472 οὐκ
281 430 368 480 ἤδη.

237 500 339 542 Post
370 514 502 555 pauca
534 499 751 542 Timoleon
784 500 1070 544 demonstrans
1097 502 1309 545 militibus
1333 505 1402 552 τὴν
1430 503 1644 555 άνανδρίαν
1670 509 1747 546 τῶν

177 572 248 619 τὴν
290 569 452 620 Λιβύην
494 570 784 612 κατοικούντων
825 573 963 613 utitur
1002 572 1080 614 hoo
1110 575 1363 629 gravissimo
1396 578 1669 630 arg-umento:
1701 578 1746 617 τὸ

178 642 217 683 δὲ
249 639 417 691 μέγιςον
449 635 483 682 οἳ
516 640 614 697 (leg.
643 638 720 697 ὅτι)
749 641 818 682 καὶ
848 641 923 683 ὑπὸ
951 648 1034 688 τοῖς
1061 644 1313 695 χιτωνίσκοις
1341 643 1622 696 περιζωμάτια
1643 645 1745 701 (leg.

176 711 458 763 περιζώματα)
500 714 683 762 φοροῦσιν
728 709 793 752 ἵνα
834 711 930 761 μηδ’
973 710 1069 754 ὅταν
1101 714 1351 755 άποθάνωσιν
1384 715 1422 754 ἐν
1454 720 1548 760 ταῖς
1580 713 1745 766 μάχαις

175 782 339 833 φανεροὶ
381 781 577 832 γένωνται
622 786 704 828 τοῖς
752 782 1013 829 ὑπεναντίοις.
1077 782 1210 825 Sensu
1243 797 1356 825 cassa
1386 785 1487 826 haec
1523 787 1654 827 oratio
1685 788 1747 826 est

175 855 217 893 et
246 851 356 893 nihil
383 851 492 894 dicet
524 850 743 894 Timoleon
775 852 903 895 donec
935 853 1144 896 addideris
1176 852 1311 906 ἄνδρες
1343 853 1467 900 ὄντες.

233 1030 323 1072 Lib.
359 1030 454 1072 XII.
489 1030 545 1073 26
564 1032 597 1072 b.
631 1044 728 1088 pag.
765 1030 864 1074 759.
898 1031 1031 1074 Bekk.
1067 1032 1301 1088 (Timaeus)
1334 1033 1535 1081 τοσαύτην
1569 1039 1742 1076 ποιεῖται

173 1101 346 1149 σπουδὴν
388 1101 476 1153 περὶ
519 1101 619 1158 (leg.
661 1102 773 1153 ὑπὲρ)
816 1105 884 1143 τοῦ
923 1103 993 1151 τὴν
1026 1103 1100 1152 μὲν
1135 1104 1327 1145 Σικελίαν
1359 1106 1745 1157 μεγαλομερεςέραν

173 1177 337 1219 ποιῆσαι
363 1177 434 1219 τῆς
453 1173 677 1221 συμπάσης
695 1172 917 1223 Ἑλλάδος,
938 1173 1014 1218 τας
1035 1173 1067 1214 δ’
1085 1174 1124 1214 ἐν
1141 1176 1246 1226 αὐτῇ
1266 1174 1431 1225 προέξεις
1450 1176 1747 1227 ἐπιφανεςέρας

173 1241 241 1282 καὶ
270 1241 462 1288 καλλίους
491 1245 567 1283 τῶν
596 1242 709 1284 κατά
737 1245 807 1291 την
834 1242 966 1292 άλλην
993 1245 1243 1295 οἰκουμένην,
1272 1250 1347 1286 τῶν
1377 1246 1568 1297 δ’άνδρῶν
1585 1251 1660 1288 τῶν
1677 1247 1742 1288 ἐπὶ

173 1313 300 1365 σοφία
341 1312 622 1364 διενηνοχότων
665 1313 930 1365 σοφωτάτους
971 1315 1063 1360 τοὺς
1098 1315 1135 1355 ἐν
1170 1316 1363 1369 Σικελία,
1397 1320 1472 1357 τῶν
1513 1316 1553 1357 δὲ
1584 1324 1745 1359 ΠΡΑΓ-

172 1387 392 1424 ΜΑΤΩΝ
422 1382 798 1433 ἡγεμονικωτάτους
829 1383 896 1425 καὶ
928 1384 1174 1431 Θειοτάτους
1201 1387 1293 1432 τοὺς
1323 1386 1365 1427 ἐκ
1393 1391 1654 1438 Συρακουσῶν
1671 1386 1746 1431 ὥςε

173 1453 258 1494 κτὲ.
323 1453 601 1495 Manifestum
633 1455 677 1495 in
709 1454 775 1495 his
805 1455 963 1497 vitium
991 1456 1122 1502 inest,
1151 1456 1222 1497 sed
1247 1455 1357 1497 nihil
1382 1457 1548 1511 prodest
1573 1457 1745 1499 Luehtii

172 1526 409 1565 coniectura
450 1528 525 1565 τῶν
570 1524 611 1565 δὲ
654 1523 915 1575 πραγμάτων
955 1525 1162 1575 ἡγεμόνας
1195 1526 1483 1572 ἱκανωτάτους.
1550 1526 1748 1570 Timaeus

171 1592 326 1634 dicitur
365 1607 491 1649 supra
534 1594 710 1636 modum
752 1594 952 1636 extulisse
983 1595 1060 1642 τάς
1094 1611 1138 1636 τε
1172 1593 1337 1646 πράξεις
1372 1595 1439 1637 καὶ
1474 1596 1565 1643 τοὺς
1599 1595 1745 1649 άνδρας

170 1664 260 1710 τοὺς
320 1665 360 1705 ἐν
409 1665 592 1718 Σικελία.
672 1664 878 1720 Polybius
922 1667 1118 1707 continuo
1166 1666 1301 1707 addit:
1351 1667 1405 1713 εἷς
1452 1668 1746 1717 καταμώκησιν

169 1732 265 1784 άγει
303 1735 479 1790 (optime
508 1734 725 1777 Bekkerus
749 1749 823 1790 pro
855 1736 937 1790 άεί)
973 1736 1040 1776 καὶ
1076 1736 1166 1779 τοὺς
1200 1735 1346 1787 άνδρας
1375 1737 1442 1778 καὶ
1475 1737 1550 1782 τας
1579 1737 1745 1789 πράξεις

169 1801 217 1845 ὧν
255 1804 454 1854 βούλεται
500 1807 754 1857 προΐςασθαι.
820 1805 1018 1848 Virorum
1051 1806 1348 1848 excellentium
1382 1807 1462 1849 duo
1493 1822 1646 1864 genera
1677 1824 1748 1864 po·

168 1878 332 1925 suerat,
365 1877 552 1930 primum
584 1876 853 1932 philosophos
885 1876 992 1932 (τοὺς
1022 1878 1085 1918 ἐπὶ
1115 1878 1243 1931 σοφία
1271 1877 1569 1932 διενηνοχότας)
1597 1879 1746 1922 deinde

169 1969 221 1974 ——
247 1958 349 2000 quos
390 1944 542 2001 putas?
579 1947 728 1989 deinde
760 1949 875 1988 duces
906 1948 950 1988 in
982 1949 1103 1998 bello,
1137 1962 1240 2003 quos
1271 1948 1432 1989 artibus
1463 1950 1744 2004 imperatoriis

168 2017 360 2057 omnium
413 2016 787 2060 excellentissimos
827 2022 869 2060 et
910 2019 1159 2061 fortissimos
1201 2017 1429 2074 Syracusas
1472 2021 1532 2060 ait
1578 2020 1742 2064 tulisse.

168 2084 398 2141 Scripserat
438 2089 574 2144 igitur
613 2088 841 2144 Polybius:
886 2094 963 2131 τῶν
1006 2089 1038 2130 δ’
1071 2090 1216 2141 άνδρῶν
1250 2093 1326 2130 τῶν
1359 2095 1482 2130 ΜΕΝ
1516 2090 1581 2131 ἐπὶ
1615 2092 1740 2145 σοφία

168 2157 447 2208 διενηνοχότων
484 2157 747 2210 σοφωτάτους
781 2159 872 2206 τοὺς
907 2160 947 2201 ἐν
981 2160 1172 2213 Σικελία,
1204 2164 1278 2201 τῶν
1315 2159 1356 2200 δὲ
1390 2166 1742 2204 ΟΤΡΑΤΗΓΩΝ

168 2227 543 2278 ἡγεμονικωτάτους
578 2229 644 2271 καὶ
678 2229 1054 2276 ἈΝΔΡειοτάτους
1087 2230 1178 2276 τοὺς
1211 2231 1254 2272 ἐκ
1288 2235 1563 2282 Συρακουσῶν.

226 2397 317 2440 Lib.
362 2396 458 2438 XII.
503 2396 560 2439 26
579 2399 612 2439 b.
654 2412 752 2455 pag.
793 2397 893 2441 ¹759.
926 2399 1059 2442 Bekk.
1093 2398 1168 2444 ὥςε
1199 2401 1257 2450 μη
1291 2405 1540 2443 καταλιπεῖν
1573 2401 1740 2454 ὑπερβο-

165 2468 239 2515 λὴν
270 2473 353 2512 τοῖς
385 2468 603 2519 μειρακίοις
636 2474 717 2515 τοῖς
746 2469 785 2510 ἐν
814 2475 906 2516 ταῖς
935 2470 1166 2522 διατριβαῖς
1195 2472 1262 2512 καὶ
1288 2476 1370 2517 τοῖς
1398 2471 1533 2518 πότοις
1562 2473 1739 2527 (optime

165 2537 388 2580 Dubnerus
428 2551 502 2593 pro
541 2538 696 2595 τόποις)
742 2541 836 2591 πρὸς
878 2540 956 2587 τοὶς
1000 2540 1248 2593 παραδόξους
1283 2542 1552 2593 ἐπιχειρήσεις
1585 2541 1683 2584 ὅταν
1715 2544 1737 2592 ἡ

167 2608 358 2660 Θερσίτου
390 2608 528 2658 λέγειν
560 2609 758 2659 ἐγκώμιον
793 2609 813 2658 ἡ
851 2610 1088 2659 Πηνελόπης
1121 2612 1336 2663 προθῶνται
1369 2610 1514 2664 ψόγον.
1580 2605 1740 2668 Imper-

164 2678 273 2720 fecta
303 2681 345 2720 et
375 2692 525 2720 manea
555 2681 688 2721 oratio
720 2683 793 2722 est.
860 2680 1184 2724 Emendandum
1217 2696 1303 2724 esse
1335 2682 1535 2724 arbitror:
1569 2688 1652 2729 τοῖς
1682 2709 1736 2715 -

165 2749 260 2800 πρὸς
300 2749 378 2795 τοὶς
422 2748 673 2800 παραδόξους
720 2749 956 2807 (ὑποθέσεις)
1000 2753 1350 2805 ἐπιχειρΟΤΟΙΝ.
1415 2752 1632 2795 Usitatum
1675 2758 1738 2796 est

164 2832 211 2861 eo
251 2832 374 2861 sensu
416 2820 632 2871 ἐπιχειρεῖν
673 2821 975 2877 (arqumentarz)
1015 2823 1070 2869 εἷς
1112 2821 1296 2865 ὑπόθεσιν
1334 2827 1376 2865 et
1407 2823 1502 2874 πρὸς
1536 2824 1730 2866 ὑπόθεσιν.

165 2892 206 2930 et
237 2902 324 2931 esse
354 2889 430 2933 has
460 2904 562 2945 quas
593 2891 696 2934 dicit
727 2891 978 2944 παραδόξους
1012 2894 1213 2941 ὑποθέσεις
1245 2896 1514 2949 perspicuum
1548 2898 1624 2936 est.
