1946 3298
877 146 962 191 468

145 295 277 339 quum
317 281 372 323 sit
415 280 648 332 ὑπουργεῖν,
691 275 898 318 διακονεῖν.
962 272 1032 315 Sic
1075 269 1210 314 solent
1249 269 1458 325 sequiores
1497 267 1713 312 vocabulis

145 351 341 395 obsoletis
372 354 415 393 et
447 349 630 392 obscuris
671 347 820 389 addere
862 345 1077 387 notionem
1118 355 1192 384 suo
1225 341 1443 383 arbitratu.
1509 339 1640 395 Saepe
1670 340 1716 380 in

145 422 266 464 libris
296 421 522 476 suppositis
552 418 920 474 Pythagoreorum
953 414 1112 470 legitur
1143 411 1343 465 κραγυος,
1375 410 1589 463 κραγύως,
1623 424 1717 461 κρα-

151 491 306 544 γυότας
339 505 413 546 pro
445 490 618 538 ἀληθής,
652 488 831 537 ἀληθῶς,
867 485 1050 534 ἀλήθεια.
1099 481 1241 525 Semel
1272 484 1440 523 tantum
1465 483 1509 523 in
1535 481 1719 536 antiquis

149 561 371 605 literarum
402 559 689 603 monumentis
722 557 903 615 legitur:

511 628 717 671 οὐπώποτέ
751 643 817 679 μοι
851 626 896 668 τὸ
930 625 1099 678 κρήγυον
1131 621 1268 670 εἶπας.

213 702 332 746 Iliad.
365 702 415 744 A.
452 699 552 743 106.
595 700 671 741 ubi
702 697 970 744 Aristarchus
1003 690 1220 738 annotavit
1252 690 1309 736 ὅτι
1342 691 1462 742 ἅπαξ
1493 691 1643 745 εἴρηται
1677 692 1722 735 τὸ

155 773 386 827 κρήγυον
428 773 495 813 καὶ
541 771 610 812 οὐκ
654 767 735 813 ἕςιν
777 766 971 816 ἀληθές
1019 767 1079 820 (ut
1123 765 1236 818 vulqo
1282 764 1572 821 existimabant)
1622 762 1723 805 ἀλλ’

155 842 326 896 ἀγαθόν.
391 840 473 884 Sed
503 853 627 883 nemo
661 842 802 890 curat,
836 840 885 880 ut
915 839 959 879 in
990 836 1088 878 illo:

324 911 532 965 ποιμένες,
568 909 712 952 εἴπατέ
746 925 812 960 μοι
846 908 890 950 τὸ
930 907 1116 961 κράγυον.
1153 906 1194 948 οὐ
1225 903 1349 954 καλός
1388 905 1514 956 ἕμμιτ,

217 1053 288 1097 Vs.
322 1051 395 1095 53.

371 1121 447 1168 ὥςε
475 1138 519 1164 σε
551 1122 674 1173 μήτε
706 1118 859 1162 ἄελπτ’
896 1116 1071 1171 ἐλπίζειν
1103 1118 1209 1169 μήτε
1242 1133 1280 1159 τι
1313 1117 1460 1167 λήθειν.

161 1209 307 1241 versus
347 1197 436 1236 tam
477 1190 785 1234 immodulatus
827 1192 868 1232 et
908 1188 1155 1240 κακόμετρος
1188 1188 1271 1230 nisi
1302 1188 1347 1230 in
1380 1187 1525 1231 effoeta
1556 1186 1734 1232 Graecia

161 1267 292 1324 pangi
323 1278 405 1308 non
434 1264 589 1321 potuit.

224 1405 295 1449 Vs.
329 1404 401 1448 61.

346 1479 425 1518 Ζεῦ
459 1475 613 1528 ποὶτερ,
650 1473 672 1523 ἦ
704 1478 863 1517 πολλῶν
897 1490 948 1525 γε
980 1470 1313 1519 κακῶνλύσειας
1351 1469 1543 1519 ἅπαντας

349 1547 382 1589 εἶ
417 1549 542 1588 πᾶσιν
576 1544 726 1594 δείξαις
761 1542 823 1597 οἵῳ
855 1544 909 1597 τῷ
943 1543 1100 1594 δαίμονι
1136 1546 1329 1596 χρῶνται.

348 1617 466 1659 ἄλλα
499 1617 547 1659 σὺ
583 1615 715 1669 θοὲρσει
750 1614 837 1657 ἐπεὶ
874 1616 971 1658 θεῖον
1009 1613 1121 1666 γένος
1155 1614 1212 1659 ἐςὶ
1250 1614 1471 1666 βροτοῖσιν,

351 1685 405 1735 οἷς
438 1686 526 1739 ἱεροὶ
559 1686 810 1740 προφέρουσα
845 1685 970 1739 φύσις
1005 1685 1197 1728 δείκνυσιν
1230 1683 1376 1729 ἕκαςα.

350 1755 400 1800 ὧν
433 1757 469 1799 εἴ
498 1757 558 1799 σοι’
591 1774 631 1799 τι
665 1755 809 1808 μέτεςι
843 1757 1057 1809 κρατήσεις
1091 1754 1139 1798 ὧν
1173 1772 1217 1798 σε
1249 1756 1400 1798 κελεύω

351 1827 576 1878 ἐξακέσας,
611 1828 755 1880 ψυχὴν
788 1827 827 1869 δὲ
860 1827 986 1869 πόνων
1020 1827 1103 1869 απὸ
1137 1827 1258 1869 τῶνδε
1290 1824 1471 1873 σαώσεις.

230 1901 297 1944 Ad
327 1899 429 1942 haec
460 1900 506 1940 in
537 1902 724 1940 mentem
759 1900 876 1941 venit
910 1897 954 1940 τὸ
988 1901 1057 1941 τοῦ
1090 1897 1403 1951 Ἀριςοφοὲνους·

351 1966 395 2012 εὖ
427 1971 499 2020 γ’,
534 1967 560 2011 ὦ
597 1967 806 2020 Πόσειδον,
843 1967 885 2025 δ’,
921 1986 958 2011 τι
991 1969 1128 2020 λέγεις
1164 1968 1199 2010 δ’
1233 1970 1274 2011 οὐ
1305 1967 1508 2019 μανθάνω.

172 2054 354 2098 magnus
403 2043 465 2082 est
512 2040 626 2081 enim
675 2040 899 2082 verborum
943 2041 1166 2095 strepitus,
1213 2039 1285 2081 sed
1325 2040 1531 2081 sententia
1570 2052 1668 2081 sana
1705 2041 1747 2081 et

172 2112 391 2169 perspicua
432 2108 549 2151 nulla
593 2123 642 2151 ex
681 2110 747 2151 liis
781 2109 875 2151 elici
906 2113 1065 2165 potest,
1113 2124 1193 2164 quo
1225 2123 1307 2152 non
1340 2113 1401 2152 est
1435 2109 1549 2151 aliud
1581 2111 1747 2165 turpius

172 2184 479 2239 poetastrorum
511 2181 688 2234 vitium,
724 2181 797 2235 qui
829 2180 956 2223 verba
982 2182 1121 2223 inania
1138 2180 1358 2222 fundentes
1385 2180 1458 2222 ubi
1479 2179 1580 2235 quid
1607 2180 1746 2222 dicant

176 2251 430 2308 quaesiveris
462 2253 503 2291 te
533 2250 777 2305 relinquunt
809 2250 1011 2293 hiantem.

234 2322 456 2364 Praeterea
487 2320 779 2362 foedissimum
808 2322 964 2362 vitium
998 2324 1060 2363 est
1091 2322 1136 2363 in
1161 2319 1376 2372 ἐξακέσας.
1422 2320 1600 2363 Ridetur
1623 2319 1746 2362 Datis

176 2407 273 2436 cum
306 2405 379 2433 suo
413 2391 637 2443 χαίρομαι,
670 2392 741 2433 sed
773 2391 929 2444 μέμφεο
963 2391 1097 2434 dicere
1129 2405 1202 2447 pro
1237 2391 1486 2443 μέμφομαι,
1521 2394 1593 2433 aut
1619 2389 1744 2443 φείδω

174 2476 248 2519 pro
291 2461 510 2514 φείδομαι,
556 2475 607 2503 an
649 2463 790 2504 minus
831 2461 1059 2504 ridiculum
1093 2460 1181 2504 est?
1214 2460 1299 2504 Cur
1331 2463 1466 2518 igitur
1496 2475 1578 2504 non
1609 2460 1746 2503 rident

176 2548 222 2576 ac
254 2531 477 2574 fastidiunt
511 2531 668 2581 ἐξακεῖν
701 2546 774 2587 pro
812 2532 1043 2581 ἐξακεῖσθαι
1078 2530 1270 2574 dictum?
1332 2532 1544 2574 Nauseam
1567 2532 1748 2574 moverit

175 2604 248 2659 qui
289 2601 438 2643 Latine
477 2614 551 2656 pro
585 2606 682 2652 utor,
709 2603 852 2657 fruor,
885 2604 1036 2645 medeor
1066 2601 1197 2645 vellet
1227 2605 1325 2653 uto,
1360 2603 1476 2653 fruo,
1509 2601 1654 2644 medeo
1686 2601 1746 2642 di-

176 2687 287 2723 cere,
335 2686 385 2713 an
427 2672 569 2713 minus
611 2672 845 2714 taediosum
879 2676 940 2715 est
973 2673 1103 2724 ἐξαιρῶ
1136 2687 1209 2728 pro
1243 2670 1495 2723 ἑξακοῦμαιῖ
1528 2671 1625 2713 Sero
1657 2671 1747 2713 nati

175 2742 374 2788 Graeculi
408 2742 466 2783 sic
499 2740 586 2783 labi
618 2741 751 2784 solent
784 2757 915 2797 quum
945 2745 1085 2786 omnia
1111 2745 1155 2785 in
1184 2742 1359 2786 Graecia
1385 2749 1552 2786 veterno
1575 2745 1616 2784 et
1632 2743 1746 2785 senio

176 2813 362 2857 confecta
394 2812 599 2862 iacerent,
635 2816 676 2855 et
709 2813 877 2856 fuerunt
909 2815 981 2869 qui
1014 2814 1115 2857 haec
1146 2813 1392 2870 Empedocli
1425 2813 1680 2869 tribuerent,
1717 2810 1744 2855 ὦ

174 2887 339 2929 Μοῦσαι
373 2880 520 2938 φίλαιί
