1946 3298
995 166 1081 208 226

304 290 469 333 Nauck.
509 291 580 333 οὐκ
621 289 701 343 ἀρα
743 292 931 335 coniecit.
996 289 1240 345 Simplicius
1281 291 1343 331 est
1383 292 1425 331 et
1465 289 1619 333 melius
1669 289 1822 344 οὕτάρα

249 362 491 416 restituere,
534 362 578 403 id
623 367 685 403 est
718 361 822 403 οὔτοι
856 360 959 416 ἀρα,
992 375 1096 416 quae
1128 360 1262 402 forma
1292 359 1492 415 loquendi
1523 365 1597 403 aut
1626 375 1718 405 raro
1751 366 1825 405 aut

248 444 482 486 numqua-m
524 445 574 473 ex
614 432 885 474 librariorum
927 432 1124 473 manibus
1162 429 1308 472 illaesa
1350 432 1496 473 evasit.
1563 430 1627 474 Cf.
1670 432 1824 491 fragm.

250 500 464 556 Euripidis
499 500 595 544 709.
632 515 726 559 pag.
766 501 866 543 459.

550 568 685 624 οὔτάρ’
719 570 944 618 Ὀδυσσεύς
979 571 1060 614 ἐςιν
1092 569 1267 620 αἱμύλος
1297 570 1427 621 μόνος.

251 641 325 683 ubi
367 641 408 682 οὐ
452 640 532 692 γάρ
576 644 617 684 et
660 643 728 683 οὐκ
766 639 844 693 ἄρα
877 643 921 683 in
952 641 1072 683 libris
1105 643 1167 682 est
1199 654 1222 682 a
1252 641 1435 684 Porsono
1468 642 1748 685 emendatum.
1784 647 1826 686 et

250 710 401 768 fragm.
436 711 564 754 1030.
597 726 695 769 pag.
732 710 834 754 537.

551 778 684 833 ἤτάρα
717 783 862 829 θνητῶν
895 779 990 821 εἰσὶν
1024 779 1320 830 ἀσυνετώτεροι.

249 851 323 892 ubi
367 850 544 907 vulgata
587 851 712 893 lectio
761 848 784 898 ἧ
831 848 936 902 τᾶρα
980 851 1138 905 optime
1181 863 1205 891 a
1245 850 1437 892 Nauckio
1480 852 1526 892 in
1568 849 1702 905 ἤτάρα
1733 866 1826 896 con-

253 934 374 963 versa
404 924 479 963 est.

307 990 528 1033 Praeterea
558 993 678 1033 acute
709 990 820 1033 vidit
851 989 1013 1032 Nauck.
1049 988 1136 1042 ἔχει
1172 992 1213 1031 et
1244 988 1356 1043 φέρει
1390 1004 1476 1033 esse
1510 993 1824 1047 transponenda.

311 1131 454 1188 Eurip.
490 1132 643 1189 fragm.
679 1130 778 1173 644.
812 1145 908 1188 pag.
944 1130 1044 1172 443.

553 1201 660 1252 βαρὺ
694 1201 738 1242 τὸ
770 1201 942 1251 φρόνημ’
973 1200 1095 1249 οἴησις
1130 1200 1329 1251 ἀνθρώπου
1363 1204 1504 1243 κακοῦ.

252 1274 433 1329 pessime
475 1271 688 1313 mulcatus
730 1272 799 1313 hic
841 1271 957 1313 locus
1001 1275 1063 1313 est
1106 1274 1148 1312 et
1181 1270 1423 1325 desipientis
1454 1271 1555 1314 haec
1589 1276 1651 1314 est
1682 1275 1827 1317 oratio.

251 1343 442 1395 φρόνημα
485 1344 598 1384 enim
640 1344 789 1400 magni
828 1343 910 1385 viri
941 1345 1003 1385 est
1035 1346 1077 1384 et
1108 1341 1227 1390 οἴησις
1263 1342 1505 1384 stultorum.
1570 1343 1708 1386 Sensit
1739 1359 1828 1387 ver-

251 1415 401 1456 borum
428 1414 586 1455 vitium
613 1412 867 1463 Salmasius,
897 1414 970 1468 qui
995 1413 1147 1467 φόρημ’
1181 1413 1444 1458 emendabat.
1492 1413 1574 1456 Sed
1606 1415 1830 1458 mendosus

256 1488 318 1527 est
349 1482 553 1525 articulus
585 1484 629 1524 in
660 1483 705 1524 τὸ
737 1483 919 1535 φόρημα.
1143 1478 1147 1481 ’

311 1553 420 1596 Vera
450 1553 574 1595 lectio
607 1553 825 1611 colligitur
857 1568 907 1595 ex
938 1552 1169 1603 versiculo,
1204 1554 1277 1608 qui
1308 1552 1518 1610 Aeschylo
1547 1554 1750 1596 tribuitur
1786 1553 1832 1596 in

250 1625 488 1682 fragmento
521 1622 620 1665 383.

523 1693 545 1743 ἦ
576 1693 686 1745 βαρὺ
721 1691 874 1746 φόρημ’
910 1690 1110 1744 ἄνθρωπος
1144 1693 1327 1744 εὐτυχῶν
1359 1691 1513 1746 ἄφρων.

248 1765 359 1808 unde
401 1769 571 1821 apparet
613 1763 863 1819 Euripidem
906 1766 980 1805 aut
1013 1776 1140 1818 quem
1173 1763 1306 1805 alium
1343 1763 1458 1820 (nam
1489 1764 1563 1807 vix
1595 1762 1830 1821 Tragoedia

249 1837 403 1893 dignus
434 1849 579 1877 versus
611 1833 688 1890 est)
723 1835 785 1875 ita
818 1834 995 1875 dixisse:

521 1904 543 1953 ἦ
577 1904 684 1956 βαρὺ
719 1902 873 1957 φόρημ’
909 1902 1032 1952 οἴησις
1069 1902 1269 1954 ἀνθρώπου
1302 1907 1441 1946 κακοῦ.

309 2044 529 2101 Euripides
563 2044 714 2100 fragm.
752 2041 851 2084 645.

554 2113 652 2156 ὅταν
685 2113 808 2161 κακός
843 2128 904 2158 τις
938 2113 976 2154 ἐν
1010 2110 1125 2153 πόλει
1161 2109 1323 2165 πράσση
1358 2116 1515 2163 καλῶς,

550 2189 675 2225 νοσεῖν
708 2184 838 2232 τίθησι
873 2187 949 2225 τῶν
982 2181 1198 2232 ἀμεινόνων
1232 2182 1383 2235 φρένας

552 2253 806 2307 παράδειγμ’
842 2252 1015 2306 ἔχοντας
1050 2257 1126 2294 τῶν
1157 2253 1291 2295 κακῶν
1326 2252 1525 2303 ἐξουσίαν.

251 2323 475 2367 mirificam
507 2325 613 2366 hanc
646 2325 873 2367 verborum
906 2325 1252 2378 compositionem
1286 2325 1448 2379 peperit
1481 2323 1635 2380 duplex
1662 2324 1707 2365 in
1734 2323 1832 2366 arti-

251 2395 337 2438 culi
368 2395 502 2436 forma
535 2396 786 2436 commissus
814 2402 943 2436 error.
1007 2394 1256 2450 Legendum
1291 2396 1511 2436 existimo:

553 2471 678 2506 νοσεῖν
710 2466 840 2513 τίθησι
874 2469 987 2506 TAC
1020 2463 1236 2512 ἀμεινόνων
1269 2463 1420 2515 φρένας

550 2534 804 2586 παράδειγμ’
841 2533 1070 2586 ἕχόνΤΩΝ
1105 2540 1225 2576 ΤΗΝ
1258 2538 1390 2577 κακῶν
1423 2535 1618 2586 ἐξουσίαν.

309 2676 452 2730 Eurip.
487 2673 640 2730 fragm.
676 2672 775 2714 691.
808 2687 905 2729 pag.
942 2671 1041 2714 455.
1088 2671 1242 2729 Syleus
1275 2674 1326 2715 ad
1357 2673 1589 2716 Herculem
1616 2675 1678 2715 ita
1704 2673 1829 2716 dicit:

975 2746 1043 2784 σοῦ
1078 2747 1287 2795 κατηγορῶ

549 2816 741 2862 σιγῶντος
776 2813 825 2858 ὡς
862 2811 911 2853 ἂν
945 2812 1024 2860 εἴης
1059 2814 1138 2864 οὐχ
1173 2814 1367 2862 ὑπήκοος,

550 2881 716 2924 τάσσειν
751 2882 789 2922 δὲ
822 2884 984 2933 μᾶλλον
1017 2900 1038 2929 η
1068 2883 1352 2924 ’πιτάσσεσθαι
1384 2882 1520 2929 θέλοις.
