1946 3298
886 169 973 213 243

199 294 291 337 Lib.
334 294 451 339 XIV.
497 293 566 338 44.
613 294 650 337 6.
696 294 913 346 ἐμνήςευεν
956 298 973 339 o‘
1014 296 1215 344 Διονύσιος
1250 295 1410 350 Δωρίδα
1442 299 1513 346 την
1547 298 1710 342 Ξενέτου

139 364 369 417 θυγατέρα,
403 380 553 408 verum
584 380 737 408 nomen
770 369 832 408 est
863 365 1113 416 Ἐξαινέτου.

197 435 244 477 In
284 437 440 478 vicinia
475 437 498 491 ξ
531 436 569 478 8.
607 438 886 487 ἐμνηςεύσατο
920 438 959 480 δὲ
993 439 1062 480 καὶ
1097 443 1172 480 τῶν
1207 442 1430 480 πολιτιΚῶν
1461 438 1532 486 την
1566 439 1707 488 ἐπιση-

136 505 321 557 μοτάτην
364 506 660 560 Ἀριςομάχην.
722 507 892 565 Repone
933 522 1109 551 manum
1147 508 1319 551 Diodori
1350 513 1425 550 τῶν
1458 509 1707 553 πολιτίΔων.

196 645 288 687 Lib.
337 645 450 687 XIV.
500 645 569 688 46.
625 647 661 687 1.
711 645 853 689 πολλοὶ
901 646 942 688 δὲ
991 646 1059 688 καὶ
1103 651 1180 688 τῶν
1225 647 1405 699 ἐμπόρων
1438 646 1548 700 εἶχον
1580 649 1620 691 ἐν
1652 650 1706 700 τῷ

132 714 265 766 λιμένι
309 715 386 764 τας
430 720 527 764 ναῦς
561 717 773 767 γεμούσαις
807 717 1018 770 φορτίΩΝ
1046 714 1158 760 ςὨΝ
1193 715 1366 760 ἅπαντα
1398 719 1640 772 διεφόρησαν
1672 720 1705 760 οἱ

136 784 385 837 Συρακόσιοι.
450 785 565 829 Vitio
607 789 836 844 repetitum
877 791 940 830 est
976 793 1078 830 ΩΝ.
1142 787 1242 846 Leg.
1279 789 1473 842 φορτίων,
1508 786 1536 834 ἃ
1569 788 1709 833 πάντα

136 856 393 911 διεφόρησαν.

195 997 287 1041 Lib.
333 997 445 1040 XIV.
491 996 562 1040 49.
607 997 648 1040 3.
681 997 750 1040 καὶ
785 998 861 1046 τας
896 1001 1094 1052 μηχανὰς
1129 1000 1172 1042 ἐκ
1205 1003 1274 1042 τοῦ
1307 1006 1444 1043 καΤΑ
1477 1007 1707 1052 ΛΟγον-

135 1070 379 1122 προσήγαγε
417 1075 498 1115 τοῖς
538 1069 732 1121 τείχεσιν.
799 1069 905 1112 Vera
937 1069 1062 1113 lectio
1096 1074 1158 1114 est
1191 1073 1234 1114 ὲκ
1266 1074 1336 1113 τοῦ
1370 1073 1478 1114 καΤ“
1511 1072 1708 1124 ὈΛιγον.

133 1139 347 1197 Frequens
378 1140 489 1196 apud
520 1140 752 1182 Diodorum
784 1141 852 1182 hic
885 1154 997 1184 error
1028 1145 1103 1184 est.

196 1280 292 1322 Lib.
336 1279 446 1322 XIV.
484 1278 554 1322 55.
591 1279 632 1322 2.
665 1281 708 1323 αἱ
742 1280 781 1322 δὲ
814 1281 977 1333 τριήρεις
1013 1279 1218 1323 ἔπλευσαν
1250 1284 1305 1328 εἷς
1339 1288 1458 1325 ΤΗΝ
1498 1290 1708 1326 AIBTHN

135 1350 413 1403 παρελέγοντό
457 1367 503 1392 τε
545 1351 617 1400 την
651 1351 754 1408 Ϊγῆν.
817 1352 912 1393 Non
955 1366 1038 1394 uno
1079 1354 1250 1395 nomine
1283 1354 1512 1396 absurdum
1545 1358 1608 1396 θεῖ
1638 1355 1710 1403 την

135 1422 318 1473 Λιβύηνε
353 1436 486 1478 neque
519 1423 632 1464 enim
663 1423 852 1465 Africam
884 1423 1082 1478 petebant
1115 1438 1247 1479 neque
1281 1428 1474 1480 poterant
1507 1426 1619 1466 littus
1657 1426 1710 1467 le-

131 1497 268 1545 grentes
308 1492 547 1535 Panhormo
590 1495 634 1534 in
675 1493 861 1535 Africam
894 1495 1125 1549 pervenire.
1187 1495 1534 1538 Emendandum:
1569 1494 1712 1538 ἔπλευ-

137 1579 212 1605 σαν
244 1563 299 1611 εἶς
334 1568 412 1605 ΤΟ
447 1569 777 1606 ΛΙΛΤΒΑΙΟΝ.

201 1706 294 1750 Lib.
327 1706 438 1748 XIV.
477 1706 544 1750 70.
581 1706 618 1749 3.
656 1708 672 1749 ὁ
700 1707 740 1749 δὲ
768 1705 971 1752 Διονύσιος
991 1732 1046 1737 -—-
1065 1707 1360 1760 Φιλανθρώποις
1390 1707 1526 1760 λόγοις
1554 1709 1712 1762 χρησά-

138 1793 255 1828 μενος
291 1777 513 1828 καθωμίλει
547 1778 601 1830 τῷ
636 1777 793 1826 πλήθει.
843 1777 1090 1833 Legendum
1124 1779 1346 1828 καθωμίλει
1381 1785 1457 1821 TA
1492 1787 1710 1831 ΠΛΗΘΗ,

136 1852 186 1891 ut
218 1863 382 1905 semper
416 1862 462 1891 eo
493 1863 616 1890 sensu
649 1849 882 1898 καθομιλεῖν
916 1862 1012 1889 cum
1047 1851 1283 1892 accusativo
1317 1852 1604 1906 componitur,
1638 1853 1712 1894 ubi

138 1918 350 1976 significat
392 1919 601 1960 blanditiis
632 1923 705 1961 aut
735 1934 882 1960 morum
913 1919 1109 1960 suavitate
1141 1923 1213 1961 aut
1247 1921 1375 1974 lepore
1407 1925 1480 1963 aut
1510 1927 1712 1964 venustate

138 2006 272 2045 capere
313 1990 522 2046 aliquem.
561 1994 610 2031 ut
641 1989 881 2032 Alcibiades
912 1990 1138 2040 καθομιλῶν
1171 1990 1436 2042 Φαρνάβαζον
1469 1993 1540 2041 την
1572 2000 1712 2044 Περσι-

138 2062 206 2110 κην
251 2061 427 2103 ἐνεδύετο
472 2062 592 2108 ςολην
637 2061 704 2102 καὶ
750 2062 820 2109 την
855 2061 1049 2111 Περσικην
1084 2060 1209 2110 ἔμαθε
1243 2064 1401 2113 φωνην,
1437 2062 1548 2117 apud
1579 2064 1709 2105 Athe-

137 2146 291 2175 naeum
334 2146 432 2188 pag.
478 2130 578 2174 535.
596 2147 628 2173 e.
666 2135 707 2174 et
740 2133 798 2174 sic
831 2131 942 2187 apud
974 2133 1115 2186 ipsum
1148 2132 1383 2174 Diodorum
1415 2132 1524 2175 XVI.
1561 2133 1632 2176 87.
1669 2134 1708 2176 3.

137 2201 363 2258 Philippus
388 2203 664 2245 Athenienses
692 2216 836 2245 omnes
865 2203 975 2258 apud
1003 2200 1287 2245 Chaeroneam
1315 2207 1455 2259 captos
1473 2206 1561 2247 sine
1576 2207 1710 2261 pretio

138 2273 322 2315 reddidit
354 2273 427 2315 ὑπὸ
460 2277 530 2316 τοῦ
564 2273 761 2328 Δημάδου
795 2273 1076 2324 καθομιληθεὶς
1111 2279 1203 2320 ταῖς
1237 2275 1452 2323 Ἀττικαῖς
1484 2275 1661 2329 χάρισιν.

195 2412 289 2456 Lib.
334 2413 446 2456 XIV.
488 2413 588 2456 108.
624 2413 660 2455 1.
699 2413 962 2470 (Dionysius)
997 2413 1081 2466 ᾔτει
1115 2413 1207 2461 τοὺς
1242 2413 1446 2465 Ῥηγίνους
1479 2415 1709 2467 ἀγοράς-

136 2481 240 2530 ὅπως
286 2485 344 2534 μη
385 2483 568 2527 διδόντων
612 2484 684 2535 μὲν
725 2483 886 2530 δικαίως
921 2482 1047 2532 δόξΗΙ
1081 2484 1152 2532 την
1186 2483 1302 2526 πόλιν
1336 2486 1460 2536 ἑλεῖν,
1495 2485 1638 2529 δόντων
1670 2488 1710 2530 δὲ

140 2552 355 2609 [ἐνόμιζεν]
399 2553 710 2603 ἐξαναλώσΕΙΝ
754 2555 886 2596 αὐτῶν
928 2554 996 2596 τὸν
1037 2560 1161 2597 σῖτον.
1226 2555 1340 2612 Lege
1382 2555 1505 2605 δόξΕΙ
1555 2561 1596 2600 θῖ
1644 2573 1712 2600 ex-

136 2628 290 2680 puncto
333 2623 510 2678 ἐνόμιζεν
553 2625 733 2667 rescribe
781 2624 1064 2675 ἐξαναλώσΕΙ.
1129 2625 1392 2682 Compositio
1440 2628 1521 2670 loci
1569 2631 1711 2686 arguit

138 2695 313 2748 ἐνόμιζεν
345 2710 432 2738 θεεθ
463 2695 782 2751 interpolatum.

200 2835 294 2878 Lib.
326 2836 438 2878 XIV.
471 2835 571 2878 110.
606 2835 655 2878 de
688 2849 789 2890 pace
822 2835 1070 2878 Antalcidae
1103 2837 1120 2878 ὁ
1156 2837 1357 2887 βασιλεὺς
1386 2837 1710 2891 ἔφησενψτοῖς

144 2906 347 2949 ἀπειθοῦσι
380 2909 446 2949 καὶ
482 2907 539 2958 μὴ
574 2906 908 2959 προσδεχομένοις
940 2907 1017 2953 τας
1051 2908 1247 2957 συνθήκας
1284 2915 1380 2951 ΔΙΑ
1413 2914 1489 2951 τῶν
1516 2910 1715 2954 εὐδοκούν-
