1946 3298
937 148 1023 192 494

250 280 298 323 In
340 279 407 322 his
449 276 588 330 Χάρων
630 279 647 319 o‘
690 275 978 328 Λαμψακηνός
1023 278 1169 319 auctor
1210 275 1272 316 est
1312 274 1605 328 pervetustus,
1641 284 1767 327 quem

191 351 445 394 Plutarchus
477 350 677 404 sequitur.
741 348 856 390 Hinc
887 349 1159 403 perantiquae
1191 347 1390 399 apparent
1420 343 1578 385 formae
1611 342 1664 388 εἷς
1694 342 1766 389 την

192 420 448 464 Πιτυόεσσαν
481 419 700 471 ἀφικέσθαι
736 423 777 461 et
805 418 1014 468 Βεβρύκων
1046 418 1123 458 τῶν
1153 418 1450 462 Πιτυοεσσηνῶν
1479 427 1769 464 προσαγορευο-

192 492 342 543 μένων,
390 504 491 546 quas
532 503 613 531 non
657 488 780 531 facile
825 488 925 531 alibi
968 489 1149 543 reperias
1187 498 1320 540 neque
1351 483 1419 525 his
1451 483 1611 525 similes
1644 483 1766 533 alias,

193 563 391 617 quoniam
439 561 581 601 minus
629 563 791 601 veteres
837 561 1047 600 Πιτυοῦσα
1093 570 1166 612 pro
1212 554 1445 596 Πιτυόεσσα
1493 553 1686 596 dicebant
1728 556 1769 594 et

194 630 424 676 Πιτυούσιος
469 643 543 685 pro
588 628 891 677 Πιτυοεσσηνός.
926 629 976 670 cf.
1014 627 1158 683 Steph.
1192 627 1294 683 Byz.
1327 640 1367 667 v.
1401 623 1657 676 Λάμψακος.
1705 622 1769 664 Si-

193 702 310 744 milis
343 701 479 744 forma
511 701 685 755 antiqua
716 702 902 755 superest
933 713 1031 756 pag.
1067 696 1152 741 772
1170 713 1202 739 ο.
1238 697 1301 739 ἐπὶ
1330 696 1401 744 την
1433 693 1768 737 Κισσόεσσαν

194 771 445 824 καλουμένην
481 771 635 823 κρήνην.

254 923 359 979 Pag.
393 919 479 963 257
499 936 529 962 e.
567 921 587 969 ἦ
618 919 659 961 δὲ
693 945 746 950 -
782 921 832 967 ὥς
877 919 1016 962 ἐπεῖδε
1059 920 1130 967 την
1174 917 1292 960 πόλιν
1325 915 1534 966 ἐλευθέραν
1566 914 1678 962 εὐθὺς
1713 915 1767 960 εἰς

195 995 267 1041 την
309 996 591 1042 γυναικωνῖτιν
634 990 811 1032 ἐνεδύετο
855 990 922 1031 καὶ
967 993 1036 1031 τοῦ
1079 993 1438 1041 πολυπραγμονεῖν
1480 988 1606 1029 ὁτιοῦν
1639 1000 1771 1037 παρα-

196 1062 438 1114 βαλλομένη
479 1062 546 1103 τὸν
590 1062 729 1103 λοιπὸν
769 1060 908 1113 χρόνον
943 1086 996 1092 -
1032 1061 1209 1112 ἡσυχίαν
1244 1058 1406 1109 ἄγουσα
1442 1083 1496 1090 --
1531 1055 1770 1099 διετέλεσεν.

196 1133 366 1177 Excidit
408 1132 569 1188 aliquid
613 1132 665 1173 ad
707 1133 936 1173 sententiae
976 1132 1269 1188 integritatem
1301 1130 1602 1179 necessarium,
1636 1126 1773 1170 veluti

197 1204 264 1247 καὶ
299 1205 620 1246 ’AHOCTACA
655 1205 723 1243 τοῦ
758 1207 1119 1253 πολυπραγμονεῖν
1152 1201 1292 1243 ὁτιοῦν.

257 1365 361 1421 Pag.
395 1361 481 1405 258
505 1363 537 1404 b.
583 1362 692 1403 οὐδὲν
724 1361 1001 1402 άπολαΒοῦσα
1035 1362 1104 1402 τοῦ
1139 1359 1230 1410 βίου
1264 1357 1426 1411 χρῆςόν.
1491 1358 1702 1413 Frequens
1729 1357 1773 1398 in

196 1435 317 1477 libris
364 1435 517 1477 vitium
569 1445 642 1487 pro
685 1433 990 1474 άπολΑΥουσα.
1035 1431 1086 1473 cf.
1127 1444 1228 1487 pag.
1261 1429 1347 1471 259
1377 1446 1407 1471 ο.
1451 1429 1584 1481 ταύτῃ
1623 1426 1773 1480 χρηςὸν

198 1506 443 1547 ἀπολαῦσαί
473 1520 510 1545 τι
546 1508 617 1551 τῆς
652 1503 796 1555 άρετῆς
831 1502 1013 1554 ὑπῆρξεν.

261 1666 365 1723 Pag.
400 1664 486 1707 258
511 1681 540 1706 e.
587 1660 630 1711 ἦν
675 1663 709 1704 δ’
753 1662 832 1715 ἄρα
870 1663 938 1704 καὶ
972 1661 1065 1714 πρὸς
1101 1661 1232 1710 ἡδονὴν
1266 1660 1333 1702 καὶ
1368 1659 1553 1711 άργύριον
1593 1660 1774 1716 [άμαθης

202 1736 289 1793 καὶ]
339 1736 517 1788 άκρατης
562 1733 771 1786 ἄνθρωπος.
837 1734 1010 1775 Frustra
1053 1747 1095 1774 se
1137 1735 1304 1787 torquet
1346 1731 1694 1788 Wyttenbachius
1732 1732 1776 1772 in

199 1807 378 1856 ἀμαθής.
445 1806 745 1863 Dittographia
783 1810 865 1854 est,
900 1811 949 1845 ut
980 1805 1025 1844 in
1055 1804 1133 1845 hoc
1167 1805 1256 1858 ipso
1289 1802 1396 1844 libro
1429 1803 1673 1844 notavimus
1704 1801 1775 1852 βε-

200 1878 332 1928 βαίοις
381 1902 434 1908 -
478 1876 659 1927 βιβλίοις
706 1880 746 1917 et
789 1875 1038 1921 ἀνακλάσεις
1074 1900 1127 1905 -—
1165 1874 1427 1918 ἀνακαύσεις.
1493 1871 1643 1914 sumta
1674 1873 1776 1914 haec

199 1952 296 1991 sunt
339 1963 362 1990 a
405 1947 608 2004 Polybio,
656 1947 774 1988 ouius
815 1946 957 1988 locum
998 1945 1147 1987 Latine
1188 1946 1316 1986 vertit
1354 1944 1504 1985 Livius
1536 1942 1775 1984 XXXVIII.

201 2018 272 2061 24.
313 2018 556 2071 Ortiayontis
588 2018 715 2071 reqnlz'
744 2032 843 2058 mcor
858 2018 1002 2072 forma
1030 2016 1171 2057 mimia
1200 2015 1488 2055 custodiebatur
1516 2014 1619 2054 inter
1637 2014 1776 2067 plures

200 2090 394 2143 captiv08,
441 2089 504 2129 cui
548 2088 741 2128 custodiae
786 2087 960 2128 centurio
995 2090 1184 2140 praeerat
1228 2090 1263 2126 et
1301 2084 1481 2125 libidinis
1514 2089 1549 2124 et
1581 2084 1776 2126 avaritiae

200 2160 400 2202 militaris.
434 2158 479 2200 id
511 2162 573 2200 est
606 2158 673 2200 καὶ
709 2159 802 2210 πρὸς
837 2158 969 2205 ἡδονὴν
1004 2156 1070 2198 καὶ
1107 2155 1200 2208 πρὸς
1235 2155 1419 2206 οέργύριον
1451 2155 1646 2205 ἀκρατής.

261 2322 366 2377 Pag.
401 2319 487 2362 259
506 2336 543 2362 a.
579 2315 621 2366 ἦν
652 2319 690 2361 δὲ
718 2322 1036 2360 ΤΟΕΙΩΠΩΝ
1065 2315 1307 2368 τετράρχης.
1352 2315 1399 2357 In
1428 2318 1620 2369 corrupta
1649 2317 1773 2370 scrip-

203 2396 297 2433 tura
328 2391 433 2433 latet
466 2394 539 2433 aut
568 2389 884 2440 Τολιςοβωγίων
915 2392 988 2430 aut
1015 2387 1209 2437 Τρόκμων
1240 2390 1313 2428 aut
1341 2384 1630 2435 Τεκτοσάγων,
1658 2399 1775 2428 nam-

203 2476 282 2517 que
327 2461 478 2503 horum
527 2462 659 2502 trium
708 2459 959 2515 populorum
1009 2462 1125 2500 erant
1170 2457 1412 2509 τετράρχαι.
1483 2457 1682 2498 Proxime
1724 2456 1775 2498 ad

201 2532 422 2576 literarum
450 2533 631 2587 vestigia
660 2530 817 2573 accedit
841 2529 1268 2582 ΤΟλιςοβΩΓΙΩΝ,
1298 2527 1407 2582 quod
1424 2526 1774 2583 wyttenbachius

203 2615 366 2658 quoque
397 2601 633 2656 reponebat.

263 2672 310 2714 In
343 2685 429 2726 sqq.
462 2684 536 2726 pro
569 2670 751 2712 ἀποδύων
785 2670 1033 2713 ἈΤΡΕΜΑ
1063 2670 1130 2711 τὸν
1158 2669 1378 2718 νεανίσκον,
1410 2668 1518 2723 quod
1544 2667 1774 2710 ridiculum

203 2747 287 2797 est,
321 2741 497 2784 emenda
530 2740 704 2792 Ἠρέμα.

262 2812 390 2855 Haud
434 2813 517 2854 scio
561 2825 611 2854 an
653 2812 908 2853 contrarium
940 2812 1097 2853 vitium
1129 2811 1341 2865 irrepserit
1374 2811 1417 2850 in
1449 2808 1552 2850 duos
1583 2808 1774 2850 Platonis

202 2883 313 2926 locos
355 2883 398 2924 in
440 2882 593 2936 Hippia
625 2881 769 2923 maiore
800 2894 895 2937 pag.
926 2880 1012 2923 296
1032 2897 1068 2922 a.
1103 2880 1178 2933 ἔχε
1211 2880 1255 2928 δη
1289 2879 1431 2932 ἠρέμα.
1467 2881 1507 2920 et
1539 2879 1583 2920 in
1619 2879 1773 2935 Cratylo
