1946 3298
971 183 1055 227 170

271 306 472 361 Harpocr.
504 322 545 349 v.
579 307 983 359 Ἀμφιδρόμιαε
1012 310 1128 348 -τὸ
1161 307 1315 359 βρέφος
1349 308 1438 359 περὶ
1471 310 1543 356 τὴν
1577 309 1690 353 ἑςίαν
1713 307 1808 360 ἔφε-

210 393 270 429 ρον
315 377 530 430 τρέχοντες
579 378 647 418 καὶ
690 381 827 419 ‘THO
875 382 951 418 τῶν
994 379 1141 419 οἰκείων
1178 378 1246 419 καὶ
1281 379 1411 429 φίλων
1445 378 1705 423 πουλύποδας
1738 378 1806 419 καὶ

150 506 153 507 ⁷
217 449 368 495 σηπίας
419 447 675 497 ἐλάμβανον.
738 447 939 489 Poterant
969 452 1104 489 ‘THO
1139 453 1214 489 τῶν
1250 449 1398 490 οἰκείων
1430 450 1601 499 πληγὰς
1634 448 1809 499 λαμβά-

214 535 318 573 νειν,
366 518 437 560 sed
480 518 739 565 πουλύποδας
781 519 849 560 καὶ
892 520 1044 567 σηπίας
1085 517 1325 569 ἐλάμβανον
1356 526 1501 560 ΠΑΡΛ
1538 524 1614 559 τῶν
1646 520 1807 560 οἰκείων.

220 588 353 644 Saepe
395 588 573 630 Athenis
615 590 866 638 πουλύποδες
913 591 981 631 καὶ
1027 592 1172 636 σηπίαι
1219 591 1457 631 tenuiorum
1490 590 1608 631 cibus
1639 590 1807 631 coniun-

220 664 393 716 guntur.
459 659 760 714 Aristophanes
793 661 903 716 apud
935 660 1089 702 Athen.
1123 673 1220 716 pag.
1254 659 1339 702 323
1357 675 1386 700 ο.

516 729 584 770 καὶ
620 731 740 771 ταῦτ’
775 730 928 785 ἔχοντα
962 731 1191 776 πουλύπους
1225 731 1294 772 καὶ
1328 731 1494 778 σηπίας.

278 869 482 924 Harpocr.
526 884 566 911 v.
617 870 1121 923 Ἀνακαλυπτήριαε
1150 874 1361 912 ἡταῦτα
1409 870 1443 912 δ’
1487 871 1562 912 εἰσὶ
1606 872 1662 913 τοὶ
1708 873 1803 924 παρ’

217 954 312 1002 ἡμῖν
347 953 622 1004 θεώρετρα.
690 954 925 996 Barbarum
959 955 1037 996 hoc
1072 954 1243 1009 quidem
1275 960 1349 996 est.
1413 954 1566 996 Fuerat
1598 942 1728 1006 θεωρῆρ
1760 955 1805 996 id

217 1028 279 1064 est
313 1025 568 1075 θεωρητήρια.
635 1025 760 1080 Apud
794 1025 963 1067 Veteres
995 1025 1168 1076 ὀπτήρια
1199 1026 1470 1068 vocabantur.
1537 1024 1802 1082 Hesychius:

217 1095 512 1146 Ὀπτήριαε
547 1097 602 1138 τά
635 1098 673 1137 ἐν
707 1102 789 1143 τοῖς
823 1097 1194 1147 άνακαλυπτηρίοις
1223 1096 1413 1145 διδόμενα
1443 1096 1546 1147 δῶρα
1573 1103 1623 1148 τῇ
1649 1096 1804 1148 νύμφη.

219 1167 433 1222 Quidquid
475 1170 562 1210 exit
603 1169 648 1209 in
692 1192 716 1198 -
736 1169 864 1218 τηριον
906 1167 974 1210 vel
1018 1168 1179 1219 -τήρια
1211 1169 1254 1208 111
1287 1166 1418 1209 Codd.
1455 1169 1515 1208 ita
1546 1166 1670 1208 scribi
1703 1166 1807 1208 solet

217 1242 266 1279 ut
297 1253 343 1289 τρ
377 1239 642 1293 praecedenti
676 1238 812 1280 vocali
845 1252 971 1293 supra
1003 1239 1224 1280 scribatur.

280 1366 530 1422 Harpocrat.
563 1381 605 1409 V.
639 1368 685 1407 'A
705 1384 721 1408 ν
738 1369 800 1417 αξ
819 1366 950 1418 αγόρ
966 1383 993 1408 α
1007 1380 1045 1413 ς;
1073 1393 1128 1398 -
1147 1370 1233 1413 νοῦς
1261 1367 1293 1409 δ’
1324 1368 1565 1408 ἐπεκαλεῖτο
1594 1366 1679 1407 ἐπεὶ
1709 1365 1807 1413 ὕλην

218 1453 264 1479 τε
299 1438 366 1478 καὶ
403 1440 487 1478 νοῦν
525 1437 688 1478 πάντων
720 1438 944 1490 φρουρὸν
977 1435 1100 1480 εἶπεν.
1152 1438 1398 1495 Legendum
1429 1438 1588 1479 πάντων
1611 1439 1808 1489 ἸΕΦΟρον

239 1505 256 1522 3¹⁹

218 1524 342 1550 ειπεν.

279 1647 527 1704 Harpocrat.
571 1664 613 1691 v.
663 1648 1100 1701 Ἀνθεμόκριτοςε
1126 1675 1180 1680 ——
1216 1647 1467 1706 legendum:
1512 1649 1558 1691 τό
1589 1665 1635 1690 τε
1667 1647 1807 1699 βαλα-

219 1725 315 1760 νεῖον
347 1720 391 1760 τὸ
428 1721 530 1771 παρ’
558 1720 866 1772 ’Λνθεμοκρίτου
899 1721 1120 1771 άνδριάντα
1151 1723 1245 1771 πρὸς
1275 1726 1367 1766 ταῖς
1399 1721 1609 1770 Θριασίαις
1641 1720 1805 1765 πύλαις.

218 1789 359 1846 Vulgo
395 1795 489 1845 post
525 1790 744 1841 ἀνδριάντα
777 1791 936 1847 legitur
963 1791 1121 1834 τουτέςι
1150 1793 1268 1846 quasi
1297 1797 1431 1833 essent
1459 1792 1675 1846 sequentia
1701 1789 1809 1831 Har-

216 1863 483 1916 pocrationis.
550 1860 633 1903 Sed
679 1861 828 1903 multis
861 1868 956 1904 ante
988 1861 1363 1917 Harpocrationem
1397 1861 1573 1903 saeculis
1606 1862 1648 1902 αἱ
1684 1860 1807 1912 Θριά-

218 1948 302 1974 σιαι
337 1935 467 1973 πύλαι
498 1936 664 1988 mutato
697 1935 866 1975 nomine
898 1935 942 1974 τὸ
978 1934 1158 1974 Δίπυλον
1192 1932 1524 1987 appellabantur.

277 2003 499 2044 Praeterea
531 2003 664 2044 scribe
696 2005 766 2051 τὴν
801 2005 909 2055 ἱεράν
942 2009 1051 2045 τοῖν
1088 2005 1223 2045 θεοῖν
1257 2004 1415 2055 ὀργάδα
1449 2017 1522 2058 pro
1553 2008 1645 2043 ταῖν
1681 2004 1805 2044 θεαῖν.

218 2073 427 2115 Similiter
458 2075 500 2114 in
533 2089 573 2115 v.
611 2076 853 2126 Κιττοφόρος
889 2075 1152 2116 scribendum
1187 2075 1295 2125 ἱερας
1316 2080 1501 2115 -τοῖν
1548 2075 1689 2115 θεοῖν
1733 2086 1806 2128 pro

218 2150 310 2185 ταῖν
359 2146 480 2186 θεαῖν.
543 2144 661 2186 Idem
709 2160 819 2187 error
866 2150 907 2187 et
955 2145 1058 2187 alibi
1105 2159 1224 2200 saepe
1271 2143 1522 2186 commissus
1565 2149 1627 2186 est
1672 2148 1713 2185 et
1757 2145 1802 2184 in

218 2215 510 2270 Aristophanis
543 2213 694 2258 Codice
726 2215 983 2258 Ravennate.

279 2354 528 2410 Harpocrat.
562 2371 604 2398 v.
636 2356 839 2406 ’Άξονιτ
875 2358 907 2398 οἱ
943 2357 1120 2402 Σόλωνος
1150 2355 1258 2405 νόμοι
1288 2358 1326 2397 ὲν
1355 2356 1526 2406 ξυλίνοις
1556 2355 1657 2404 ἦσαν
1684 2352 1802 2402 ἄξοσι

220 2427 522 2476 γεγραμμένον
568 2429 823 2475 Δημοσθένης
867 2428 905 2468 ἐν
946 2429 1000 2478 τῷ
1045 2427 1141 2468 κατ’
1188 2427 1511 2477 Ἀριςοκράτους·
1561 2427 1636 2476 ,,ὡς
1672 2426 1710 2467 ἕν
1745 2426 1800 2476 τῷ

220 2494 327 2545 ἄξονι
372 2496 564 2547 εἴρηται.”
626 2497 795 2539 Excidit
836 2512 918 2540 una
959 2497 1125 2539 literula
1169 2498 1220 2540 ad
1253 2499 1504 2539 sententiam
1536 2510 1704 2552 prorsus
1734 2509 1801 2538 ne—

220 2567 412 2608 cessaria:
459 2567 497 2607 ἐν
539 2568 592 2618 τῷ
638 2570 697 2623 (i)
752 2567 885 2618 ἄξονι,
929 2568 973 2609 id
1017 2573 1079 2609 est
1122 2569 1160 2608 ἓν
1202 2569 1256 2619 τῷ
1301 2567 1439 2619 πρώτῳ
1473 2566 1595 2616 ἄξονι.
1663 2564 1724 2608 Cf.
1760 2581 1802 2609 V.

222 2642 395 2683 Σῖτ·ος;
426 2639 547 2682 -εές
590 2639 733 2686 μαθεῖν
772 2638 829 2683 ἔςι
870 2639 936 2679 καί
972 2640 1015 2679 ἐκ
1047 2642 1116 2680 τοῦ
1151 2639 1328 2684 Σόλωνος
1364 2642 1394 2678 ἶ
1418 2637 1569 2686 ἄξονος.
1634 2637 1801 2678 Plutar-

221 2707 323 2749 chus
354 2709 398 2748 in
429 2707 577 2749 Solone
610 2722 694 2762 cap.
732 2709 800 2750 24.
837 2710 904 2750 καὶ
940 2714 1090 2759 πρῶτος
1125 2708 1231 2757 άξων
1265 2710 1346 2754 ἐςὶν
1380 2711 1398 2749 ὁ
1432 2712 1570 2750 τοῦτον
1604 2709 1801 2760 περιέχων

221 2779 288 2820 τὸν
323 2779 460 2826 νόμον,
495 2779 569 2819 ubi
601 2778 826 2834 legendum
863 2780 1042 2821 arbitror
1075 2781 1128 2833 (ὁ)
1161 2785 1312 2831 πρῶτος
1347 2778 1466 2828 ἄξων.

281 2848 503 2890 Praeterea
530 2851 572 2890 111
599 2863 685 2904 sqq.
713 2849 1016 2904 permolestum
1046 2852 1201 2892 vitium
1228 2850 1383 2892 haeret.
1433 2850 1602 2891 Editur:
1626 2846 1800 2890 ³'HCAN

223 2919 264 2965 δὲ
298 2920 348 2975 (οἱ
384 2919 562 2965 Σόλωνος
595 2919 778 2977 ἄξονες),
813 2918 861 2966 ὥς
896 2927 998 2972 φησι
1032 2922 1226 2972 Πολέμων
1260 2922 1298 2962 ἐν
1329 2925 1411 2969 τοῖς
1441 2920 1535 2973 πρὸς
1563 2920 1801 2973 Ἐρατοσθέ-
