1946 3298
861 186 915 231 79

102 313 348 369 Emperius:
394 311 669 362 »ὤςερμηδέν
711 313 910 354 Beiskius.
935 311 1143 368 frustra.''
1204 311 1403 353 Refutato
1433 313 1569 368 igitur
1600 313 1672 355 ali-

103 385 197 441 quis
227 397 322 425 mea
353 386 602 440 argumenta
612 398 622 434 3
659 385 723 425 sin
754 385 896 425 minus
929 387 1114 426 veterem
1147 383 1319 424 servabo
1351 384 1612 424 sententiam.

163 523 324 565 Eadem
364 525 428 564 est
468 524 575 565 ratio
616 522 699 565 loci
739 537 835 579 pag.
870 521 970 563 649.
1001 522 1076 563 ubi
1106 520 1303 563 flebiliter
1333 520 1414 562 Dio
1442 520 1673 564 exclamat:

105 593 160 634 τα
204 592 245 633 δὲ
288 594 382 646 (τῶν
424 592 642 647 Ἑλλήνων)
689 591 849 643 οἴχεται
899 592 967 633 καὶ
1012 591 1151 634 πάντα
1199 590 1341 643 τρόπον
1384 591 1563 643 αἰσχρῶς
1608 591 1674 632 καὶ

106 665 282 709 ἐλεεινῶς
329 662 589 714 διέφθαρται·
632 662 699 704 καὶ
740 663 827 704 οὐδὲ
870 664 1075 710 ἐπινοῆσαι
1110 662 1247 704 λοιπὸν
1281 661 1338 705 ἕςι
1372 662 1444 710 τὴν
1477 662 1676 713 ὑπεροχὴν

105 734 172 776 καὶ
218 734 289 780 τὴν
335 732 613 785 λαμπρότητα
654 738 730 774 τῶν
771 739 982 787 ΠΑΘΩΝ
1024 732 1079 780 εἴς
1123 749 1173 783 γε
1210 732 1302 777 τοὺς
1334 731 1480 783 ἄνδρας
1513 733 1674 784 ὁρῶντα.

105 804 204 846 ἀλλ’
249 805 282 845 οἱ
326 805 424 845 λίθοι
466 806 628 853 μᾶλλον
672 804 915 856 ἐμφαίνουσι
954 805 1026 852 τὴν
1059 801 1293 853 σεμνότητα
1326 802 1394 844 καὶ
1428 802 1472 844 τὸ
1505 803 1676 853 μέγεθος

105 880 178 922 τῆς
213 873 414 920 Ἑλλάδος
447 875 533 916 κτὲ.
582 873 745 916 Haereo
777 875 820 915 in
853 874 988 915 παθῶν
1020 888 1117 916 cum
1142 872 1293 915 multis
1325 873 1442 927 aliis,
1471 875 1544 927 qui
1570 873 1679 916 alius

106 945 222 987 aliud
255 946 529 987 coniecerunt.
592 945 838 999 Emperius:
875 945 1016 994 „nihil
1044 943 1309 985 mutandum?
1361 944 1527 1000 Ergone
1557 943 1679 986 intel-

105 1014 187 1072 ligi
226 1018 364 1070 potest
403 1015 504 1071 quid
546 1016 601 1056 sit
647 1016 668 1062 ἡ
715 1017 811 1056 τῶν
852 1016 1028 1056 παθῶν
1071 1013 1313 1066 λαμπρότης
1356 1014 1424 1055 καὶ
1471 1012 1678 1065 ὑπεροχήῗ

105 1085 200 1128 Non
242 1087 408 1141 opinor:
450 1087 496 1127 in
536 1085 706 1126 homines
741 1085 843 1127 haec
875 1086 1051 1135 cadunt,
1085 1100 1167 1127 non
1197 1087 1242 1127 in
1274 1085 1516 1126 calamitates
1547 1088 1588 1126 et
1620 1085 1681 1125 in—

93 1157 303 1212 fortunia.
369 1156 565 1211 Suspicor
595 1161 671 1197 τῶν
704 1162 1025 1198 ΠΡΟΓΟΝΩΝ
1057 1158 1269 1212 scripsisse
1300 1156 1501 1205 Dionem,
1536 1169 1679 1210 quem-

106 1226 335 1269 admodum
377 1228 522 1268 statim
560 1226 745 1268 addidit:
790 1226 877 1268 ἐπεὶ
917 1227 1065 1272 αὐτούς
1106 1243 1159 1277 γε
1202 1227 1294 1273 τοὺς
1332 1228 1576 1272 ἐνοικοῦντας
1609 1227 1678 1267 οὐκ

108 1297 158 1340 ἂν
190 1296 292 1339 εἴποι
325 1312 384 1345 τις
417 1297 504 1339 οὐδὲ
537 1301 687 1338 Μυσῶν
720 1296 1095 1339 ἈΠΟΓΟΝΟΤΟ.

169 1437 275 1494 Pag.
310 1436 411 1478 656.
447 1436 547 1478 πότε
579 1436 717 1478 ε’ίσεισι
753 1436 1050 1486 θαυματοποιὸς
1084 1437 1105 1485 ἢ
1140 1442 1255 1488 λῆρος
1295 1436 1354 1493 [ἢ]
1389 1439 1560 1484 τοιοῦτος
1593 1434 1682 1480 ἕτε-

110 1523 184 1560 ρος,
217 1507 432 1565 intelliges
462 1507 605 1550 locum
635 1510 858 1563 postquam
891 1506 1072 1549 alterum
1104 1507 1126 1556 ἤ
1159 1506 1376 1549 deleveris,

170 1648 275 1705 Pag.
327 1646 428 1691 657.
474 1651 551 1688 τῶν
600 1646 643 1687 δε
688 1650 862 1688 Κυνικῶν
905 1645 1135 1696 λεγομένων
1179 1645 1236 1690 ἔςι
1278 1646 1353 1697 μὲν
1395 1647 1434 1687 ἐν
1473 1653 1523 1699 τῇ
1568 1646 1685 1689 πόλει

109 1719 260 1768 πλῆθος
305 1720 373 1761 οὐκ
418 1718 658 1769 ο’λι’γον-,
705 1717 811 1758 οὐδὲν
853 1717 989 1767 μέντοι
1037 1733 1088 1767 γε
1137 1717 1205 1758 καὶ
1255 1718 1430 1767 ἀγεννῶν
1477 1717 1686 1769 ἀνθρώπων

111 1790 218 1832 οὐδὲν
259 1791 308 1836 ὡς
353 1789 479 1830 εἰπεῖν
521 1788 787 1838 ε’πις-αμένων.
852 1787 1021 1829 Lacuna
1060 1789 1105 1829 in
1144 1788 1212 1829 his
1242 1790 1304 1829 est
1336 1789 1395 1829 sic
1426 1788 1558 1830 ferme
1589 1803 1685 1844 sup-

109 1861 285 1918 plenda:
321 1860 428 1902 οὐδὲν
461 1859 596 1911 μέντοι
630 1876 683 1910 γε
713 1858 876 1914 (ὄφελος
903 1860 1129 1912 μοχθηρῶν)
1156 1858 1224 1901 καὶ
1253 1859 1430 1909 ἀγεννῶν
1462 1858 1685 1910 ἀνθρώπων.

169 2003 375 2059 Expunge
417 2001 646 2044 articulum
687 2015 781 2057 pag.
831 1999 929 2042 658.
973 2001 1131 2051 ἀγαθὸν
1173 2000 1247 2050 μὲν
1286 2000 1394 2042 οὐδὲν
1423 1999 1684 2054 ε’ργάζονται,

111 2072 234 2115 κακὸν
268 2073 301 2114 δ’
333 2074 382 2119 ὡς
415 2069 491 2114 οἷόν
524 2089 569 2114 τε
609 2071 690 2128 [τὸ]
724 2071 907 2122 μέγιςον.

174 2213 277 2255 Post
305 2225 439 2268 pauca
468 2212 591 2253 scrib.
625 2212 658 2253 οἱ
690 2211 730 2253 δὲ
762 2211 817 2257 εἷς
852 2211 960 2260 ὑμᾶς
991 2208 1228 2257 ΠΑΡιόντες
1262 2214 1361 2261 (non
1392 2210 1609 2268 προϊόντες)
1631 2237 1685 2244 -

114 2285 147 2326 οἱ
180 2284 254 2334 μὲν
289 2283 575 2328 ἐπιδεικτικοὺς
607 2282 752 2333 λόγους
786 2282 853 2324 καὶ
887 2281 1050 2328 τούτους
1088 2283 1186 2338 (non
1217 2281 1326 2339 τοὺς)
1360 2284 1535 2333 ἀμαθεῖς
1571 2282 1691 2337 (διεξ-

116 2355 344 2407 έρχονται),
379 2355 411 2395 οἱ
444 2352 485 2394 δέ
518 2353 603 2395 κτὲ.

176 2423 372 2466 Solemne
403 2424 580 2466 verbum
614 2427 676 2465 est
708 2423 758 2465 de
790 2423 1008 2473 omnibus,
1042 2425 1115 2478 qui
1146 2424 1350 2479 prodeunt
1382 2425 1433 2466 ad
1466 2424 1689 2466 dicendum

117 2494 323 2547 παριέναι,
362 2495 599 2548 παρελθεῖν,
631 2494 703 2541 τὴν
735 2493 903 2545 πάροδον
935 2495 1156 2548 ποιεῖσθαι,
1190 2494 1300 2549 quod
1332 2496 1497 2550 saepius
1527 2495 1691 2538 videbis

118 2566 229 2621 apud
259 2565 438 2620 Dionem
468 2567 514 2606 in
545 2563 718 2617 προϊέναι
752 2568 794 2606 et
826 2563 1026 2616 προσιέναι
1061 2565 1352 2620 depravatum.

178 2706 283 2762 Pag.
319 2703 418 2746 659.
453 2705 510 2755 μὴ
543 2701 607 2746 οὖν
639 2703 762 2746 οἴεσθε
789 2703 1041 2754 κοιμωμένων
1070 2710 1284 2746 MONON
1313 2705 1594 2754 ἐπιμελεῖσθαι
1624 2706 1692 2747 τὸν

122 2775 226 2831 θεόν,
251 2801 307 2806 -
332 2774 602 2827 ἐγρηγορότων
636 2781 711 2816 ΔΕ
744 2776 927 2825 ἀμελεῖν.
980 2775 1112 2831 Saepe
1144 2775 1255 2830 apud
1286 2776 1449 2818 Atticos
1481 2779 1523 2817 et
1554 2777 1692 2819 multo

122 2848 285 2901 saepius
312 2848 439 2888 etiam
469 2846 579 2901 apud
605 2847 826 2888 Atticistas
851 2848 1030 2906 reperies
1056 2847 1134 2888 hoc
1161 2849 1394 2888 structurae
1415 2861 1549 2903 genus
1570 2851 1618 2889 ut
1642 2862 1693 2889 ex

121 2917 389 2972 praecedente
409 2918 632 2973 negatione
656 2917 857 2972 bipartita
881 2918 1013 2959 oratio
1029 2916 1248 2972 particulis
1264 2923 1388 2959 ΜΕΝ
1408 2920 1449 2959 et
1466 2923 1541 2959 ΔΕ
1556 2917 1690 2975 ligata
