1946 3298
914 151 995 199 171

184 294 272 329 νην,
315 277 558 331 τετράγωνοι
594 280 638 321 τὸ
671 286 845 331 σχῆμα,
891 281 1254 333 διασώζονται
1300 283 1340 325 δὲ
1374 284 1414 325 ἐν
1446 287 1500 338 τῷ
1533 286 1754 341 πρυτανείῳ

183 350 464 401 γεγραμμένοι
500 351 610 390 κατά
641 350 780 391 πάντα
815 351 870 392 τά
903 352 1015 402 μέρη.
1052 355 1259 393 ποιοῦσι
1294 352 1327 394 δ’
1361 354 1484 396 ἐνίοτε
1515 358 1754 407 φαντασίαν

182 420 370 472 τρίγωνον
411 418 509 461 ὅταν
555 420 618 460 ἐπὶ
653 421 696 462 τὸ
728 422 839 464 ςενὸν
873 424 1032 463 κλιθῶσι
1069 428 1138 470 τῆς
1173 424 1342 472 γωνίας.
1407 425 1610 468 Polemon
1643 431 1756 470 enim

182 489 372 531 oculatus
404 491 523 531 testis
554 504 635 531 non
669 487 768 537 ἦσαν
801 493 1044 546 scripserat,
1080 494 1151 535 sed
1185 496 1306 549 εἰσίν,
1341 499 1389 537 ut
1420 496 1681 548 διασώζονται
1715 503 1757 540 et

182 562 368 601 ποιοῦσιν.
433 560 607 601 Refutat
647 561 849 603 Polemon
890 562 1177 605 Eratosthenis
1217 578 1398 607 errorem
1442 568 1514 621 qui
1544 569 1755 620 τριγώνους

183 644 269 672 esse
305 630 479 672 dixerat.

243 771 498 826 Harpocra‘t.⁶
534 786 572 813 v.
618 773 1014 823 Ἀποπεφασμένον;
1039 776 1370 825 -Δημοσθένης
1414 778 1526 819 κατὰ
1574 780 1755 832 Νεαίρας

186 841 704 893 »ἀποπεφασμένως
738 843 1024 884 πΩλοῦνται”
1057 845 1147 886 ἀντὶ
1187 850 1255 887 τοῦ
1289 851 1545 900 φανερῶς.
1605 850 1758 892 Editur

183 912 293 967 apud
324 911 651 953 Demosthenem
684 927 780 969 pag.
818 912 943 955 1367.
981 915 1050 956 25.
1079 914 1113 971 (ὁ
1144 917 1278 969 νόμος)
1308 919 1377 959 οὐκ
1406 919 1453 973 ἑᾷ
1484 920 1549 960 ἐπὶ
1580 922 1754 966 ταύταις

182 982 327 1035 μοιχὸν
360 982 506 1031 λαβεῖν
543 982 688 1024 ὁπόσαι
727 982 776 1024 ἀν
811 983 878 1024 ἐπ’
913 986 1150 1036 ἐργαςηρίου
1185 989 1383 1030 καθῶνται
1421 989 1441 1037 ἢ
1477 991 1516 1030 ἐν
1544 997 1593 1042 τῇ
1622 993 1752 1045 ἀγορᾷ

183 1053 393 1094 πωλῶσί
435 1068 479 1092 τι
524 1053 902 1105 ἀποπεφασμένως.
965 1055 1115 1111 Lysias
1162 1072 1260 1114 pag.
1317 1059 1417 1102 117.
1467 1059 1536 1102 42.
1580 1063 1756 1103 recitata

180 1123 275 1180 lege
306 1122 469 1165 Solonis

566 1195 695 1235 ’Ὀσαι
725 1195 764 1236 δὲ
799 1196 1075 1247 πεφασμένως
1110 1201 1340 1241 πολοῦνται.

181 1267 498 1320 interpretatur:
533 1265 682 1314 τὸμὲν
726 1267 1087 1317 πεφασμένως
1123 1269 1178 1312 ἐςὶ
1214 1274 1453 1321 φανερῶς,
1489 1274 1753 1314 πολεῖσθαι

185 1336 224 1377 δὲ
256 1334 520 1385 βαδίζειν.
568 1335 710 1377 Redde
742 1338 878 1392 igitur
908 1337 1183 1380 Demostheni
1216 1355 1340 1381 suum
1374 1343 1394 1390 ἢ
1434 1341 1491 1397 [ἐν
1524 1349 1574 1395 τῇ
1602 1344 1750 1398 ἀγορᾷ]

184 1410 457 1447 πΟλῶΝΤΑΙ
501 1407 885 1458 ἀποπεφασμένως,
935 1412 976 1449 et
1021 1408 1344 1464 Harpocrationi
1392 1413 1751 1466 ἀποπεφασμένως

183 1479 447 1525 πΟλοῦνται,
483 1480 524 1517 et
555 1475 707 1532 Lysiae
740 1479 1151 1528 ἈΠΟπεφασμένως
1187 1485 1419 1523 πολοῦνται.

242 1546 446 1588 Pervetus
488 1550 550 1587 est
592 1547 701 1601 apud
739 1547 1067 1591 Demosthenem
1099 1551 1200 1593 haee
1232 1552 1424 1594 lectionis
1455 1553 1583 1596 labes.
1648 1553 1754 1597 Con-

181 1619 366 1660 sentiunt
408 1615 588 1658 fideliter
629 1619 673 1658 in
714 1618 893 1660 absurda
936 1622 1164 1675 scriptura:
1210 1622 1231 1671 ἢ
1268 1625 1307 1663 ἐν
1340 1630 1389 1675 τῇ
1424 1625 1554 1678 ἀγορᾷ
1590 1626 1755 1667 πωλῶσί

181 1704 220 1730 τι
264 1692 304 1730 et
346 1701 488 1729 omnes
530 1687 630 1729 libri
662 1691 793 1730 nostri
825 1694 865 1731 et
897 1690 1201 1746 Harpocration
1234 1695 1322 1748 ipse
1354 1696 1396 1735 in
1429 1709 1468 1736 v.
1512 1701 1751 1738 Πωλῶσιε

182 1759 277 1807 -ἢ
322 1759 360 1798 ἐν
403 1765 452 1811 τῇ
485 1760 615 1811 ἀγορᾷ
651 1761 816 1802 πωλῶσί
847 1777 884 1802 τι
920 1763 1305 1814 ἀποπεφασμένως.
1341 1765 1415 1806 ubi
1448 1765 1544 1807 Vide
1576 1766 1754 1822 Didymi

181 1834 223 1872 et
262 1828 606 1884 Harpocrationis
637 1831 1000 1885 interpretationes
1034 1834 1208 1888 ineptas.
1273 1834 1486 1891 Didymus
1519 1838 1684 1878 πωλῶσί
1715 1854 1753 1878 τι

181 1900 362 1942 affirmat
405 1913 492 1941 esse
542 1901 799 1950 πορνεύωσιν,
848 1916 1030 1958 namque
1079 1911 1276 1946 πωλεῖν
1328 1920 1415 1947 esse
1463 1906 1507 1946 τὸ
1557 1908 1754 1960 παρέχειν

182 1971 328 2019 ἐαυτην
371 1975 453 2015 τοῖς
496 1970 775 2021 βουλομένοις,
821 1975 939 2027 quasi
982 1981 1131 2016 πωλεῖν
1165 1992 1203 2017 τι
1234 1976 1360 2031 idque
1395 1977 1432 2017 ἐν
1466 1984 1514 2029 τῇ
1549 1978 1678 2032 ἀγορᾷ
1714 1983 1756 2020 et

181 2047 328 2084 πωλεῖν
372 2041 518 2089 ἑαυτήν
560 2046 667 2083 esset
707 2042 829 2097 plane
873 2044 999 2085 idem.
1053 2045 1193 2087 Bonus
1223 2046 1529 2101 Harpocration
1560 2050 1755 2103 opinatur

181 2116 324 2154 contra
364 2117 513 2153 πωλεῖν
548 2113 711 2165 proprio
753 2128 866 2154 sensu
912 2115 1085 2170 (κυρίως)
1127 2130 1213 2158 esse
1256 2118 1306 2158 ab
1340 2116 1511 2160 Oratore
1542 2121 1753 2174 positum,

180 2186 222 2224 et
262 2183 436 2237 infames
478 2197 556 2223 esse
597 2183 778 2224 mulieres
818 2200 944 2225 omnes
975 2201 1074 2240 quae
1103 2187 1202 2241 quid
1229 2191 1272 2228 in
1292 2188 1394 2242 foro
1426 2190 1633 2230 venderent
1665 2205 1755 2245 per-

177 2254 273 2295 inde
315 2257 438 2308 atque
481 2267 548 2295 eas
580 2267 685 2308 quae
716 2254 856 2309 palam
890 2257 932 2295 in
963 2256 1156 2311 lupanari
1189 2258 1378 2300 sedentes
1412 2264 1635 2314 quaestum
1668 2275 1754 2303 eor-

178 2338 277 2380 pore
308 2324 503 2366 facerent.

239 2394 375 2446 Quam
407 2397 491 2436 sint
521 2395 623 2436 haee
656 2397 796 2437 omnia
827 2397 969 2437 inania
1001 2401 1042 2438 et
1073 2397 1178 2439 falsa
1225 2399 1384 2454 optime
1418 2400 1600 2443 declarat
1637 2402 1754 2444 loeus

179 2466 224 2507 in
264 2467 447 2507 oratione
486 2466 577 2516 πρὸς
614 2465 868 2515 Εὐβουλίδην
901 2480 996 2523 pag.
1036 2467 1164 2510 1308.
1202 2468 1239 2510 3.
1278 2471 1328 2526 (οἱ
1361 2470 1488 2526 νόμοι)
1524 2465 1760 2514 κελεύουσινΙ

181 2534 315 2587 ἔνοχον
357 2535 457 2576 εἶναι
494 2543 542 2588 τῇ
578 2538 804 2590 κακηγορίᾳ
836 2536 902 2577 τὸν
936 2539 1025 2586 την
1057 2539 1327 2589 ἐργασίαν
1360 2543 1430 2590 την
1466 2542 1504 2583 ἐν
1537 2549 1586 2596 τῇ
1620 2545 1754 2598 ἀγορᾷ

180 2607 201 2656 ἢ
236 2612 311 2649 τῶν
343 2608 514 2648 πολιτῶν
542 2607 562 2654 ἢ
596 2611 670 2648 τῶν
704 2607 915 2648 πολιτίδων
946 2608 1186 2662 ὀνειδίζοντά
1220 2627 1310 2653 τινι.
1370 2611 1489 2663 Quod
1521 2612 1756 2669 Harpocra-

176 2679 264 2719 tion
306 2677 488 2732 appellat
532 2683 681 2718 πωλεῖν
723 2694 760 2719 τι
803 2677 1105 2722 Demosthenes
1151 2682 1334 2725 ἀττικιςί
1374 2683 1477 2724 dieit
1510 2683 1751 2735 ἐργάζεσθαι

175 2752 224 2790 ut
254 2750 299 2789 in
332 2750 507 2790 vicinia:
541 2750 610 2790 οὐκ
643 2748 747 2798 ἔξεςι
779 2748 873 2802 ξένῳ
910 2750 948 2790 έν
980 2758 1030 2803 τῇ
1064 2753 1198 2806 ἀγορᾷ
1229 2751 1497 2804 ἐργάζεσθαι,
1528 2758 1570 2795 et
1595 2758 1753 2810 passim

178 2820 224 2860 in
254 2832 342 2874 sqq.

240 2888 351 2931 Bene
390 2891 548 2932 factum
593 2891 702 2946 quod
742 2892 833 2946 ipsa
873 2892 1001 2934 verba
1046 2895 1182 2948 prisea
1228 2893 1392 2936 Solonis
1438 2895 1588 2951 Lysias
1634 2898 1754 2940 nobis
