1946 3298
964 163 1048 206 138

218 293 441 349 respondet
471 293 601 335 alter:

581 360 695 404 ἅπαν
727 362 771 403 τὸ
804 363 954 415 χρήςὸν
986 360 1158 411 γνήσιάν
1191 358 1280 411 ἔχει
1309 358 1448 412 φύσιν.

281 502 505 558 Sophocles
537 503 688 559 fragm.
723 500 796 543 86.

520 573 574 614 τοὶ
605 571 793 624 χρήματ’
829 573 1084 623 άνθρώποισιν
1116 570 1286 622 εὑρίσκει
1318 570 1488 623 Φίλους,

521 641 630 689 αὖθις
665 643 704 684 δὲ
737 641 888 691 τιμάς,
923 639 1016 683 εἶτα
1048 647 1120 689 τῆς
1155 639 1385 691 ὑπερτάτής

519 713 743 765 τυραννίδος
779 714 963 754 θακοῦσιν
996 712 1213 764 ΛΙΟχίςήν
1245 709 1370 763 ἕδραν.

219 799 294 841 pro
329 784 526 837 αἷσχίςήν
559 785 603 824 111
636 783 730 825 aliis
759 783 880 824 libris
913 786 975 824 est
1007 783 1194 835 άγχίςήν
1227 785 1268 824 et
1301 782 1449 830 ήδίςήν.
1508 781 1706 824 Alienum
1739 785 1801 824 est

222 855 417 907 αἶσχίςήν
466 868 489 896 a
535 854 617 896 1001
664 855 892 908 sententia,
937 867 1118 908 namque
1161 852 1385 894 manifesto
1426 852 1461 893 18
1505 854 1577 907 qui
1613 851 1802 907 loquitur

222 926 479 968 demonstrat
532 928 733 980 quantum
786 926 841 966 sit
885 926 930 966 in
976 925 1152 979 pecunia
1184 923 1296 965 boni.
1365 923 1587 973 ,‚Pe0um·a,
1639 924 1799 977 inquit,

209 997 327 1052 parit
369 996 533 1045 amieos,
569 996 684 1050 parit
724 995 923 1036 k0n07·68.”
964 996 1107 1049 itaque
1151 993 1300 1036 addere
1331 1007 1411 1035 non
1443 995 1585 1048 potuit
1618 998 1687 1043 „et
1718 998 1801 1034 tur-

209 1068 415 1122 pissz'mam
457 1065 828 1108 dominationem.”
889 1065 1090 1121 Pugnant
1132 1065 1233 1106 haec
1275 1066 1384 1106 inter
1430 1078 1528 1106 sese.
1592 1064 1799 1119 Equidem

218 1139 407 1191 άγχίςήν
449 1134 564 1188 ἕδραν
606 1151 757 1179 verum
801 1150 887 1178 esse
929 1136 1107 1177 arbitror
1148 1135 1311 1176 dictum
1359 1134 1505 1176 eodem
1552 1148 1674 1176 sensu
1720 1148 1801 1189 quo

218 1209 329 1265 apud
360 1207 609 1263 Euripidem
640 1208 685 1248 in
716 1207 869 1264 fragm.
905 1204 1014 1248 623:

580 1278 718 1319 κλύετ’
753 1276 779 1319 ὦ
812 1283 986 1329 Μοῖραι,
1020 1276 1115 1323 Διὸς
1147 1276 1197 1319 αἵ
1223 1293 1268 1318 τε
1302 1277 1416 1329 παρὰ

579 1347 702 1400 θρόνον
736 1349 966 1399 ἀγχοτάτω
1000 1349 1091 1389 θεῶν
1124 1346 1326 1400 ἑζόμεναι.

217 1424 277 1465 810
321 1421 519 1463 dicuntur
564 1418 815 1474 locupletes,
860 1422 929 1474 qui
955 1419 1175 1472 plurimum
1207 1419 1315 1472 apud
1345 1418 1488 1471 Reyem
1516 1419 1649 1471 qratia
1675 1419 1800 1472 polle-

217 1495 334 1542 bant,
367 1496 440 1538 τῆς
474 1489 703 1541 ὑπερτάτής
739 1490 964 1541 τυραννίδος
999 1489 1125 1544 (quod
1157 1482 1199 1531 et
1227 1491 1368 1544 ipsum
1398 1503 1495 1531 cum
1524 1489 1798 1532 admiratione

216 1564 388 1616 dicitur)
425 1562 560 1603 δακεῖν
592 1562 778 1613 άγχίςήν
812 1558 925 1613 ἕδραν
958 1562 1046 1603 sive
1079 1560 1310 1612 ἀγχοτάτω
1345 1561 1555 1608 καθῆσθαι.

276 1703 500 1760 Sophocles
533 1703 686 1759 fragm.
723 1701 822 1744 105.
855 1716 953 1759 pag.
989 1702 1088 1744 122.

515 1773 585 1814 εἴθ’
618 1770 661 1814 εὖ
694 1774 939 1824 Φρονήσαντ’
973 1773 1160 1823 εἷσίδοιμί
1191 1789 1274 1820 πως
1307 1776 1458 1824 φρενῶν

518 1843 721 1893 ἐπήβολον
757 1848 890 1885 καλῶν
923 1860 982 1886 σε.

213 1918 257 1959 111
298 1916 365 1958 his
407 1911 450 1956 εὖ
490 1915 751 1967 φρονήσαντα
796 1918 858 1956 est
899 1916 1037 1957 nescio
1079 1916 1198 1957 0111118
1240 1916 1530 1969 interpretatio
1572 1913 1796 1957 verborum

214 1992 364 2041 φρενῶν
399 1987 603 2038 ἐπήβολον
636 1990 772 2027 καλῶν
805 1990 847 2028 et
879 1985 1105 2041 Sophocles
1138 1987 1323 2028 dixerat:

516 2056 584 2098 εἴθ’
617 2057 806 2107 &cismai
839 2072 922 2104 πως
954 2061 1105 2110 φρενῶν
1141 2057 1343 2108 ἐπήβολον

516 2131 649 2169 καλῶν
683 2143 741 2168 σε.

274 2270 499 2326 Sophocles
531 2270 682 2327 fragm.
719 2267 819 2311 122.
854 2282 951 2324 pag.
989 2267 1088 2310 125.

572 2340 689 2391 νόμος
725 2340 806 2391 γάρ
842 2340 899 2383 ε’ςι
933 2338 1160 2390 βαρβάροις
1195 2339 1404 2385 θυήπολεῖν

573 2410 753 2463 βρότειον
785 2410 962 2463 ἀρχῆθεν
994 2410 1108 2459 γένος
1142 2409 1196 2461 τῷ
1230 2408 1372 2460 Κρόνῳ.

273 2485 414 2528 Codex
435 2483 643 2539 Hesychii
667 2488 748 2528 τοῖς
775 2480 1017 2533 βαρβάροις.
1051 2480 1332 2534 Transpositis
1350 2479 1489 2521 verbis
1506 2478 1792 2520 scribendum:

575 2552 691 2602 νόμος
725 2551 806 2602 γάρ
840 2552 900 2596 ἐςι
933 2557 1036 2592 τοῖσι
1068 2550 1296 2602 βαρβάροις
1330 2548 1458 2601 Κρόνῳ

573 2624 786 2670 θυήπολεῖν
816 2622 997 2674 βρότειον
1030 2621 1207 2673 ἀρχῆθεν
1241 2620 1371 2670 γένος.

272 2697 367 2739 Νο11
410 2698 473 2737 est
514 2693 630 2735 aliud
670 2694 875 2735 vitiorum
908 2706 1041 2749 genus
1072 2693 1117 2733 in
1149 2694 1370 2746 poetarum
1401 2689 1504 2732 10018
1534 2690 1794 2745 frequentius

214 2782 341 2825 quam
372 2770 422 2807 ut
452 2764 580 2807 verba
613 2777 687 2805 8110
719 2763 810 2804 1000
842 2766 958 2804 mota
992 2767 1033 2804 et
1067 2762 1240 2803 disiecta
1269 2763 1353 2802 sint
1381 2774 1515 2815 neque
1541 2760 1630 2802 ulla
1657 2774 1795 2802 emen-

215 2839 342 2882 dandi
381 2838 487 2878 ratio
528 2838 590 2877 est
622 2835 774 2876 certior
805 2837 847 2875 et
877 2833 1111 2875 evidentior
1143 2846 1269 2888 quam
1300 2833 1581 2886 transpositio.
1624 2831 1794 2888 Insigne

214 2911 342 2953 huius
382 2908 443 2949 rei
485 2904 727 2960 exemplum
768 2903 939 2960 praebet
980 2902 1096 2944 100118
1132 2902 1281 2944 incerti
1313 2899 1483 2957 Tragici
1514 2901 1625 2956 apud
1656 2900 1794 2944 Nauc-
