1946 3298
944 143 1030 186 404

196 271 438 324 Πυθαγόραν
480 269 598 319 ἡδέως
641 268 766 321 εἶχον.
829 269 992 312 Notum
1033 272 1096 311 est
1137 267 1256 319 ήδέως
1295 271 1338 311 et
1367 268 1496 319 ἀηδῶς
1529 266 1641 321 ἔχειν
1671 266 1769 321 πρός

197 359 290 385 τινα
319 356 394 399 pro
426 342 590 384 amicum
623 344 745 382 alicui
775 355 854 382 esse
886 344 927 383 et
957 340 1171 382 inimicum.

257 483 309 525 In
341 484 363 538 ἓ
396 481 497 524 254.
529 481 576 523 F.
609 479 969 531 συνέβαινε-μη
1004 477 1121 530 μόνον
1152 479 1299 527 αὐτοὺς
1333 479 1372 520 ἐν
1403 482 1485 526 τοῖς
1519 478 1627 526 ἰδίοις
1665 477 1771 529 βίοις

201 551 292 607 (pro
323 552 457 606 οἴκοις)
489 550 704 603 πρωτεύειν
737 551 852 592 άλλά
884 556 962 591 ΤΟ
997 556 1118 602 κοινῇ.

258 621 482 664 Caeterum
522 621 638 664 locus
678 622 908 676 impeditus
952 624 994 662 et
1037 620 1306 676 perturbatus
1344 621 1406 662 ita
1458 619 1772 662 constituendus

197 706 284 735 esse
315 693 484 735 videtur
513 696 562 734 ut
593 693 821 734 scribatur:
855 691 1090 742 συνέβαινεν
1121 692 1260 736 αὐτοῖς
1293 691 1550 742 προαγούσης
1583 695 1654 737 τῆς
1688 691 1775 738 ἧλι-

199 764 291 810 κίας
325 764 382 814 μή
415 763 530 813 μόνον
563 764 607 804 τὸ
640 763 679 804 ἐν
711 768 794 810 τοῖς
828 762 936 808 ἰδίοις
967 762 1070 813 βίοις
1106 760 1319 812 πρωτεύειν
1352 761 1469 802 ἀλλά
1496 761 1540 802 τὸ
1567 766 1672 813 κοινῇ
1701 761 1773 808 τήν

202 833 321 875 πόλιν
362 835 576 883 οἰκονομεῖν
617 832 811 884 μεγάλην
855 835 928 883 μὲν
970 833 1170 883 ἑταιρείαν
1209 831 1506 884 συναγηοχόσιν
1541 826 1659 887 (ἦσαν
1692 829 1774 881 γάρ

202 904 299 956 ὑπὲρ
332 904 596 958 τριακοσίους)
630 905 766 955 μικρὸν
802 904 841 945 δὲ
873 903 988 956 μέρος
1022 910 1093 950 τῆς
1127 903 1280 948 πόλεως
1314 900 1395 944 οὖσι
1429 907 1502 950 τῆς
1530 901 1600 943 οὐκ
1628 901 1666 941 ἐν
1692 905 1775 946 τοῖς

200 976 339 1021 αὐτοῖς
373 976 497 1016 ἔθεσιν
529 976 606 1016 οὐδ’
640 974 958 1023 ἐπιτηδεύμασιν
991 975 1148 1020 ἐκείνοις
1183 972 1509 1022 πολιτευομένης.

259 1045 446 1102 Vulgata
476 1045 601 1087 lectio
632 1045 734 1087 haec
767 1048 848 1086 est:
884 1044 1095 1094 συνέβαινε
1129 1044 1384 1095 προαγούσης
1419 1048 1491 1091 τῆς
1527 1041 1688 1091 ήλικίαο
1717 1041 1774 1091 μὴ

199 1116 314 1168 μόνον
349 1117 542 1157 αὐτΟΥΟ
575 1116 612 1155 ἐν
644 1120 725 1160 τοῖς
759 1115 864 1161 ἰδίοις
900 1115 1015 1161 οἴκοις
1053 1115 1116 1167 (F.
1150 1115 1273 1171 βίοις)
1304 1114 1520 1166 πρωτεύειν
1554 1113 1670 1154 ἄλλα
1707 1112 1770 1168 (F.

200 1187 315 1228 ἄλλα
360 1187 421 1241 τὸ)
465 1192 569 1238 κοινῇ
611 1187 682 1232 την
727 1185 843 1227 πόλιν
886 1186 1113 1234 οἰκονομεῖν.
1176 1184 1259 1227 Sed
1297 1186 1576 1227 necessarium
1614 1186 1675 1224 est
1704 1182 1778 1223 αὖ-

200 1264 321 1300 τΟΙΟ
364 1270 444 1312 quo
481 1257 719 1298 referuntur
751 1270 837 1311 sqq.
872 1255 1064 1305 μεγάλην
1097 1255 1170 1305 μὲν
1205 1254 1404 1307 ἑταιρείαν
1438 1258 1775 1306 συναγηοχΟΕΙ,

201 1328 338 1380 μικρὸν
370 1327 411 1369 δὲ
442 1327 557 1377 μέρος
591 1332 662 1375 τῆς
696 1326 849 1372 πόλεως
890 1332 1032 1368 OTCI.

265 1398 464 1454 Sequitur
514 1399 558 1439 in
605 1397 653 1440 F.
701 1403 782 1443 τοῖς
830 1399 900 1439 οὐκ
943 1398 980 1438 ἐν
1024 1402 1104 1444 τοῖς
1148 1397 1284 1443 αὐτοῖς
1322 1396 1484 1438 ’Έθεσιν
1522 1396 1596 1452 (sic
1626 1395 1674 1437 F.
1706 1410 1780 1451 pro

205 1469 353 1523 ἤθεσιν)
386 1467 467 1509 οὐδ’
503 1468 822 1517 ἐπιτηδεύμασιν
855 1469 1004 1514 ἐκείνης
1040 1468 1102 1522 (F.
1126 1481 1212 1523 -pro
1241 1467 1418 1522 ἐκείνοις)
1445 1465 1777 1514 πολιτευομένοις.

203 1540 285 1582 Sed
319 1540 416 1594 quia
446 1540 716 1594 perspicuum
751 1543 813 1580 est
844 1539 894 1580 de
927 1542 1083 1580 civitate
1113 1538 1215 1580 haec
1248 1538 1355 1586 dici,
1388 1551 1470 1579 non
1503 1537 1553 1579 de
1585 1538 1781 1578 trecentis

205 1610 508 1667 Pythagoreis,
554 1609 838 1666 inteiligimus
876 1609 1069 1651 librarios
1109 1623 1182 1665 pro
1219 1608 1542 1657 τῆς-ἐκείνοις
1576 1617 1781 1649 πολιτευο-

201 1682 323 1732 μένης
367 1681 634 1721 substituisse
677 1685 713 1720 T
722 1686 814 1722 OIC
856 1694 929 1735 pro
963 1685 1075 1721 THC
1108 1680 1158 1722 ob
1191 1680 1440 1736 praecedens
1473 1677 1576 1722 οὖσιν
1606 1682 1651 1731 et
1681 1692 1780 1720 eum

200 1765 382 1794 errorem
414 1750 620 1805 reliquam
651 1750 734 1792 Ioci
766 1750 906 1792 labem
938 1752 1160 1806 peperisse.

259 1890 484 1946 Sequitur:
527 1891 569 1931 οὐ
611 1891 690 1939 μην
731 1890 845 1932 ἄλλα
883 1889 1007 1942 μέχρι
1039 1891 1113 1940 μὲν
1147 1887 1210 1931 οὖν
1242 1889 1313 1935 την
1349 1888 1613 1941 ὑπάρχουσαν
1644 1889 1781 1942 χώραν

202 1962 391 2008 ἐκέκτητο
426 1962 493 2002 καὶ
530 1961 772 2011 Πυθαγόρας
806 1961 998 2010 ἐπεδήμει
1027 1961 1203 2011 διέμενεν
1237 1961 1598 2008 ή-κατάςασις.

259 2032 506 2089 Legendum
548 2031 671 2083 μέχρι
713 2032 786 2081 μὲν
831 2039 904 2073 OT
952 2030 1027 2087 (οὗ)
1072 2032 1143 2079 την
1188 2031 1454 2083 ὑπάρχουσαν
1512 2031 1650 2083 χώραν
1698 2033 1780 2073 ἐκε-

200 2108 381 2144 κτΙ-ΙΝτο
424 2101 631 2159 (Scaliger
672 2116 746 2156 pro
790 2103 1022 2158 ἐκέκτητο),
1058 2103 1244 2157 quamdiu
1276 2107 1436 2143 veterem
1473 2117 1608 2154 aqrum
1641 2102 1779 2144 solum

188 2174 460 2228 possidebant,
496 2173 648 2227 quibus
680 2177 967 2227 opponuntur:
1001 2173 1086 2214 ἐπεὶ
1121 2173 1160 2213 δὲ
1197 2172 1380 2222 Σύβαριν
1409 2173 1680 2225 ἐχειρώσαντο
1707 2174 1776 2215 καὶ

195 2247 268 2291 την
309 2244 543 2293 δορύκτητον
586 2244 829 2292 διῳκήσαντο
861 2246 917 2290 μή
952 2244 1411 2294 κατακληρουχηθῆναι,
1447 2243 1557 2285 unde
1591 2245 1778 2299 suspicor

195 2313 450 2357 vocabulum
494 2313 694 2355 excidisse
736 2315 795 2354 sic
837 2312 1144 2368 supplendum:
1190 2312 1313 2364 μέχρι
1357 2314 1429 2362 μὲν
1472 2311 1517 2354 οὗ
1549 2317 1619 2361 τήν
1653 2314 1779 2365 ὑπάρ-

195 2401 354 2437 χουσαν
387 2385 524 2436 χώραν
558 2383 769 2431 ἐκέκτηντο
803 2389 1012 2425 ΜΟΝΗΝ
1047 2384 1113 2425 καὶ
1151 2384 1393 2434 Πυθαγόρας
1429 2384 1638 2432 ἐπεδήμει.
1695 2383 1778 2426 Sed

196 2455 346 2497 haereo
388 2456 432 2495 in
475 2468 560 2508 sqq.
602 2453 779 2502 διέμενεν
813 2456 833 2501 ή
869 2453 1155 2506 κεχρονισμένη
1191 2455 1423 2500 κατάςασις
1457 2453 1775 2505 δυσαρεςουμένη

198 2526 266 2568 καὶ
311 2525 485 2577 ζητοῦσα
529 2526 660 2575 καιρὸν
703 2523 892 2574 εὕρασθαι
937 2525 1036 2582 (leg.
1085 2524 1280 2581 εὑρέσθαι)
1327 2525 1584 2575 μεταβολῆς.
1647 2525 1778 2567 [nele-

197 2607 344 2653 ganter
385 2594 614 2635 admodum
657 2595 812 2636 dicitur
853 2595 1029 2647 ζητοῦσα
1075 2595 1251 2646 εὑρέσθαι
1286 2595 1444 2647 καιρόν,
1480 2596 1552 2637 sed
1582 2596 1776 2637 Nicoma-

197 2668 299 2709 chus
340 2664 605 2720 negligenter
646 2668 687 2705 et
729 2667 879 2707 vitiose
920 2665 1037 2721 loqui
1079 2665 1198 2707 solet.
1263 2666 1506 2707 Absurdum
1540 2669 1601 2707 est
1634 2669 1777 2707 autem

198 2739 219 2786 ή
263 2734 495 2779 κατάςασις
534 2735 624 2788 ipsa
657 2733 832 2785 ζητοῦσα
867 2737 998 2783 καιρὸν
1032 2735 1287 2785 μεταβολῆς.
1337 2735 1477 2777 Possis
1513 2735 1579 2776 καὶ
1613 2734 1774 2786 ἐζήτουν

195 2807 266 2851 sed
297 2805 406 2846 mihi
436 2817 517 2845 non
549 2804 751 2845 satisfacit
783 2811 825 2845 et
858 2806 1059 2848 excidisse
1092 2806 1251 2861 aliquid
1284 2807 1483 2860 suspicor.

253 2876 364 2919 Tum
396 2878 507 2917 recte
539 2875 586 2917 F.
622 2874 817 2928 ἐξερράγη
851 2876 896 2918 τὸ
929 2883 1202 2928 σιωπΩμενον
1233 2882 1351 2928 μῖσος
1381 2889 1455 2931 pro
1489 2874 1771 2928 σιωπούμενον.
