1946 3298
635 706 738 765 AD
789 705 1245 768 LIBANIUM.

789 922 1097 958 mdxxx„

788 1106 844 1137 AD
877 1106 976 1138 ΤοΜ.
1010 1094 1087 1137 ΙΙΙ.

215 1225 277 1268 De
328 1225 498 1267 Socratis
542 1226 734 1280 Apoloyz'a
778 1226 824 1266 in
870 1225 1122 1281 Mnemosyne
1169 1226 1398 1284 diligenter
1445 1228 1732 1283 exposuimus.

155 1295 303 1338 Restat
334 1309 444 1338 unus
472 1295 614 1350 locus⁷
648 1296 698 1338 de
731 1309 811 1351 quo
843 1310 952 1338 nunc
985 1297 1169 1339 breviter
1201 1297 1402 1339 dicemus.
1450 1298 1554 1355 Pag.
1592 1297 1629 1340 3.
1663 1296 1729 1340 17.

158 1371 300 1409 narrat
333 1370 592 1409 accusatores
624 1366 813 1408 iudicum
846 1368 888 1408 in
923 1366 1139 1410 Socratem
1173 1368 1267 1410 odio
1298 1370 1485 1411 maxime
1512 1368 1731 1411 confidere:

160 1432 186 1480 ἃ
222 1438 304 1491 γάρ
339 1438 460 1484 αὐτὸς
495 1437 543 1479 ἂν
575 1437 684 1489 εἴπερ
713 1436 894 1489 ἐδίκαζεν
916 1439 1087 1485 ’Ἄνυτος
1118 1439 1239 1481 ἐποίει
1261 1443 1470 1481 -ταῦτα
1500 1440 1596 1491 παρ’
1627 1440 1735 1490 ὑμῶν

158 1509 356 1564 προσδοκᾷ
392 1513 522 1555 κακῶς
556 1508 742 1562 ἐλπίζων.
777 1508 842 1550 δια
877 1508 939 1559 τί;
975 1508 1033 1551 ὅτι
1070 1514 1219 1561 πρῶτον
1254 1513 1327 1560 μὲν
1362 1511 1399 1551 ἐν
1435 1510 1526 1560 ὑμῖν
1555 1511 1625 1552 οὐκ
1653 1510 1735 1552 ὀλί-

158 1595 255 1631 γους
299 1581 419 1632 ἑώρων
462 1578 664 1626 πολλάκις
709 1579 901 1627 ἡσθέντας
946 1577 1067 1622 ὁπότε
1111 1580 1330 1632 Σωκράτης
1385 1580 1476 1627 τοὺς
1527 1580 1733 1633 ἀλαζόνας

160 1651 345 1703 ἐλέγχοι.
408 1650 524 1693 Male
557 1651 658 1703 haec
691 1654 789 1693 sunt
820 1652 1075 1706 composita:
1108 1665 1290 1706 namque
1321 1665 1395 1707 pro
1423 1652 1544 1703 ἑώρων
1571 1666 1736 1707 exspec-

165 1723 321 1764 taveris
353 1722 421 1773 ὁρῶ
456 1725 498 1764 et
532 1722 638 1772 ὑμῶν
672 1722 742 1763 οὐκ
775 1721 937 1772 ὀλίγους
968 1735 1043 1777 pro
1075 1722 1113 1762 ἐν
1147 1721 1255 1772 ὑμῖν.
1319 1722 1414 1764 Non
1444 1726 1587 1765 tamen
1621 1737 1738 1766 men-

160 1793 284 1835 dosus
315 1792 431 1835 locus
465 1797 525 1836 est
560 1793 632 1835 sed
665 1792 822 1835 excidit
854 1791 1014 1847 aliquid
1041 1793 1100 1834 sic
1128 1792 1212 1834 fere
1240 1792 1545 1848 supplendum:
1575 1795 1613 1835 ἓν
1645 1795 1737 1846 ὑμῖν

161 1864 230 1906 οὐκ
277 1863 449 1919 ὄλίγ(ΟΙ
500 1864 843 1918 ΚΑΘΗΝΤΑΙ),
892 1860 956 1910 οὓς
1003 1863 1124 1914 ἐώρων
1170 1865 1371 1910 πολλάκις
1417 1864 1609 1912 ἡσθέντας
1652 1865 1737 1907 κτὲ.

159 1935 252 1977 Non
282 1939 407 1990 pauci
445 1939 488 1976 in
531 1935 691 1976 consilio
732 1935 886 1984 sedent,
932 1949 1025 1990 quos
1067 1949 1180 1989 saepe
1208 1935 1380 1976 videbam
1413 1935 1584 1977 Socratis
1621 1951 1736 1990 arqu-

160 2006 460 2048 mutationibus
491 2005 695 2048 delectari.

220 2128 423 2170 Libanius
466 2126 539 2169 III.
586 2126 656 2169 94.
702 2124 741 2169 ’7.
786 2126 827 2169 τί
868 2126 977 2178 λέξει
1020 2127 1115 2179 πρὸς
1159 2128 1317 2180 ἰατροὺς
1365 2127 1382 2169 ὁ
1432 2127 1742 2180 νο’,αος;-ε’ρεῖ

161 2198 286 2241 τοίνυν
320 2199 336 2240 ὁ
371 2197 509 2249 νόμος·
542 2196 660 2251 ἔρχου
694 2198 768 2249 μὲν
801 2200 819 2239 ὁ
851 2197 988 2250 σώζειν
1015 2198 1163 2250 τέχνην
1193 2196 1299 2251 ἔχων
1327 2200 1395 2240 καὶ
1425 2198 1527 2249 λέγε
1555 2214 1595 2241 τι
1623 2200 1738 2241 καθε-

163 2268 324 2321 ζόμενος
367 2269 435 2311 καὶ
478 2268 672 2319 λέγοντος
715 2267 850 2311 άκουε.
914 2268 1081 2311 Vitium
1125 2272 1186 2311 est
1230 2270 1274 2310 in
1317 2268 1606 2321 καθεζόμενος,
1639 2285 1739 2314 nam

163 2340 264 2395 quid
304 2340 430 2383 refert
471 2340 668 2382 sedensue
711 2353 763 2381 an
806 2342 920 2382 stans
961 2339 1152 2382 medicus
1184 2353 1281 2382 cum
1314 2343 1485 2397 aegroto
1515 2341 1740 2397 loquatur?

162 2410 330 2453 Excidit
360 2412 612 2467 praepositio
642 2413 683 2453 et
715 2410 1010 2468 corrigendum
1039 2410 1479 2465 ΠΑΡΑκαθεζόμενος,
1510 2413 1620 2467 quod
1647 2426 1741 2468 pro-

162 2483 302 2537 prium
333 2483 377 2524 in
408 2482 486 2524 hac
517 2496 561 2524 re
592 2482 771 2525 verbum
805 2484 868 2523 est
901 2485 1122 2534 aeqrotanti
1152 2482 1196 2523 in
1233 2483 1331 2524 lecto
1363 2483 1603 2525 decumbenti
1627 2494 1739 2527 Assi-

161 2564 294 2608 DERE,
337 2556 385 2595 ut
421 2566 518 2610 pag.
554 2550 624 2593 98.
662 2551 700 2593 3.
740 2550 857 2593 άλλα
900 2555 965 2593 νῦν
1007 2553 1050 2594 οὐ
1099 2553 1154 2595 τά
1192 2551 1300 2601 πάθη
1335 2553 1427 2602 τοὺς
1461 2554 1620 2607 ἰατροὺς
1653 2559 1737 2601 τοῖς

163 2621 354 2675 ἄρχουσιν
387 2623 572 2673 εἰσάγει,
606 2624 704 2664 ἀλλ’
738 2624 770 2664 οἱ
802 2623 876 2673 μὲν
909 2621 1117 2675 ἔρρωνται,
1153 2625 1185 2666 οἱ
1218 2624 1259 2666 δὲ
1291 2623 1618 2678 παρακάθηνται.

223 2693 432 2736 Similiter
473 2693 546 2736 IV.
595 2692 693 2735 164.
729 2692 798 2735 20.
836 2696 1010 2736 νοσοῦντι
1044 2695 1363 2748 παρεκαθήμην·
1397 2700 1473 2738 τῶν
1505 2697 1637 2738 αὐτῶν
1668 2697 1739 2747 άρ-

164 2768 291 2815 ρωςῶν
335 2765 574 2815 άπήλαυον,
619 2765 694 2807 ubi
737 2765 961 2808 άπί-Ξλαυον
999 2766 1280 2809 scribendum.
1343 2766 1578 2822 Perpetuus
1609 2766 1740 2810 ferme

164 2833 234 2876 hic
273 2836 505 2878 scribarum
546 2849 657 2878 error
701 2839 764 2878 est
806 2839 855 2877 ut
900 2837 1114 2886 άπήλαυον
1147 2840 1190 2880 et
1218 2838 1448 2887 άπήλαυσα
1481 2838 1740 2882 substituant

167 2904 310 2947 formis
341 2908 500 2962 probis,
533 2910 582 2950 ut
614 2907 866 2961 παρηνόμουν
899 2921 973 2964 pro
1005 2906 1284 2960 παρενόμουν.
