1946 3298
983 161 1069 202 228

310 285 491 340 Euripid.
525 286 676 342 fragm.
714 284 812 328 775.
845 298 942 341 pag.
977 283 1078 328 473.

547 356 660 396 αἰτοῦ
693 354 734 396 τί
765 354 928 407 χρῄζεις
960 353 1017 395 ἕν·
1052 354 1155 406 πέρα
1189 353 1270 405 γαρ
1304 354 1346 394 οὐ
1381 353 1493 404 θέμις

544 426 692 475 λαβεῖν
727 442 783 466 σε.
821 425 895 466 κᾶν
926 426 998 474 μὲν
1031 424 1246 478 τυγχανης
1279 424 1447 466 εῆἐΗ*

547 497 630 537 θεοῦ
665 495 876 542 πέφυκας·
911 496 942 537 εἶ
979 495 1017 538 δὲ
1050 497 1107 546 μη
1139 496 1290 547 ψευδης
1323 495 1417 545 ἐγώ.

246 567 525 623 supplendum
558 580 644 608 esse
676 567 876 608 arbitror:

546 635 621 678 κᾶν
653 637 726 686 μὲν
758 635 973 689 τυγχανης
1011 635 1128 676 CA<1>'
1154 633 1283 677 ’'ICO'
1316 633 1434 677 “OTl

547 709 631 749 θεοῦ
664 705 869 760 πέφυκας.

308 870 356 912 In
388 868 533 911 eodem
565 869 801 924 fragmento
834 882 892 909 vs.
931 866 1000 909 69.
1035 867 1197 909 editur:

761 939 875 979 οὲλλοὶ
908 937 1043 979 THA'
1079 927 1153 981 ἔξω
1187 937 1300 983 λεώς.

247 1016 293 1055 in
336 1010 591 1053 celebrandis
633 1009 907 1051 Phaethontis
946 1009 1105 1064 nuptiis
1147 1008 1325 1063 populus
1357 1008 1598 1050 submoveri
1629 1010 1702 1048 aut
1732 1019 1823 1061 pro-

251 1083 320 1127 cul
352 1081 567 1124 amandari
598 1093 680 1122 non
712 1082 876 1134 poterat
887 1092 896 1129 ;
930 1093 1063 1133 neque
1094 1080 1184 1125 τῆλ’
1220 1077 1293 1122 ἕςω
1327 1079 1534 1118 usitatum
1567 1081 1628 1119 est
1661 1076 1824 1119 dicendi

251 1168 397 1211 genus.
435 1153 479 1194 ln
502 1149 652 1193 Codice
669 1150 942 1205 palimpsesto
959 1151 1097 1204 prima
1113 1163 1262 1190 manus
1281 1150 1501 1203 scripserat
1517 1154 1821 1197 ΤΗΔΕΟΤΩ,

251 1238 402 1266 manus
444 1222 624 1264 secunda
656 1220 897 1262 correctoris
929 1233 1002 1274 pro
1036 1225 1112 1260 TH
1146 1221 1332 1274 reposuit
1366 1225 1463 1260 CIF.
1526 1219 1680 1261 Fuerat
1712 1219 1823 1260 enim

252 1301 373 1337 cer
408 1297 449 1336 et
483 1293 652 1335 dederat
683 1293 827 1347 poeta:

775 1359 889 1402 οὲλλα
925 1361 1029 1417 σῖγ’
1063 1357 1137 1403 ἔςω
1171 1358 1284 1405 λεώς.

309 1526 454 1581 Eurip.
478 1524 629 1580 fragm.
658 1520 757 1564 7¹81.
780 1536 839 1563 vs.
870 1519 938 1561 39.
964 1534 1061 1576 pag.
1086 1518 1187 1562 478.
1213 1533 1357 1562 servus
1383 1519 1435 1561 ad
1456 1519 1604 1562 herum
1627 1520 1688 1561 ita
1705 1520 1826 1561 dicit:

554 1592 580 1635 ὦ
615 1596 767 1644 waiwop,
803 1591 938 1643 ἔςρεψ’
972 1592 1015 1631 ἐκ
1047 1591 1176 1640 δόμων
1207 1590 1343 1642 ταχὺν
1377 1590 1496 1633 πόδα.

310 1665 558 1709 Ridiculum
600 1667 662 1706 est
703 1661 729 1703 ὦ
773 1664 902 1713 πᾶτορ
945 1663 990 1702 in
1022 1660 1098 1702 tali
1130 1675 1197 1715 re,
1231 1664 1280 1702 ut
1311 1658 1337 1701 ὦ
1370 1666 1529 1712 κτῆτορ.
1597 1660 1644 1702 Ι11
1676 1660 1825 1716 palim-

248 1742 386 1795 psesto
410 1737 518 1778 libro
547 1738 608 1777 est
635 1749 658 1776 a
683 1735 820 1789 prima
846 1746 998 1774 manu:
1030 1737 1281 1781 ΩΠΛΤΕΡ,
1310 1733 1602 1786 suprascripsit
1624 1738 1827 1773 corrector

253 1812 544 1856 ΔΕΟΠΟΤΑ,
578 1804 689 1860 quod
719 1804 989 1845 verissimum
1022 1805 1107 1843 est:

522 1874 547 1917 ὦ
581 1875 802 1922 δέσποτ’,
837 1873 973 1925 ἕςρεφ’
1007 1874 1050 1914 ἐκ
1081 1871 1210 1922 δόμων
1242 1871 1380 1923 ταχὺν
1414 1869 1536 1912 πόδα.

312 2038 534 2094 Euripides
566 2038 719 2093 fragm.
756 2034 857 2077 787.

553 2109 646 2149 ὀκνῶ
681 2106 722 2152 δὲ,
755 2105 917 2156 μόχθων
950 2107 1025 2144 τῶν
1059 2102 1147 2153 πρὶν
1185 2102 1328 2154 ἐκχέαι
1360 2100 1483 2153 χάριν

553 2177 620 2219 καὶ
652 2177 742 2222 τοὺς
776 2174 980 2226 παρόντας
1013 2174 1082 2214 οῦκ
1114 2175 1352 2222 ἀπωθοῦμαι
1387 2173 1540 2218 πόνους.

251 2250 559 2296 emendandum
601 2251 663 2289 est
703 2247 861 2287 όκνΩΝ
908 2259 981 2300 pro
1028 2245 1139 2285 ὀκνῶ.
1223 2244 1392 2294 „Emis
1438 2244 1550 2283 hasce
1595 2258 1826 2294 aerumnas,

250 2324 409 2378 inquit,
443 2321 564 2375 ferre
602 2333 680 2359 ozon
721 2332 852 2358 recuso
897 2314 1197 2365 εὐλαβούμενος
1242 2314 1472 2366 διαφθεῖραι
1519 2314 1590 2361 την
1635 2313 1700 2355 ἐπὶ
1744 2319 1827 2360 τοῖς

253 2392 397 2446 πρόσθε
428 2387 638 2441 γεγονόσιν
669 2388 872 2429 εὔκλειαν.

314 2552 458 2606 Eurip.
495 2549 646 2604 fragm.
681 2546 781 2588 813.
815 2561 912 2603 pag.
947 2544 1047 2587 492.

557 2618 685 2659 καίτοι
718 2619 807 2658 ποτ’
845 2617 880 2658 εἴ
911 2617 983 2658 τιν’
1016 2614 1195 2665 εἰσίδοιμ’
1231 2612 1311 2655 οένὸι
1343 2612 1487 2655 πτόλιν

556 2688 714 2740 τυφλὸν
746 2692 1015 2740 προηγητῆρος
1051 2684 1312 2737 ἐξηρτημένον

556 2758 832 2808 ἀδημονοῦντα
865 2762 1094 2810 συμφοραῖς
1127 2753 1352 2806 ἐλοιδόρουν.

315 2831 470 2874 Misere
497 2830 598 2872 haec
631 2836 823 2883 corrupta
856 2831 952 2869 sunt
984 2829 1071 2868 sine
1102 2826 1177 2867 illa
1211 2838 1282 2880 spe
1314 2822 1629 2865 emendationis.
1687 2822 1825 2865 Soloe-

255 2917 351 2945 cum
397 2904 458 2942 est
492 2898 528 2940 εἴ
558 2901 630 2940 τιν’
663 2898 845 2948 εἰσίδοιμι
879 2897 1104 2949 ἐλοιδόρουν.
1169 2896 1249 2937 Ρ1Ὁ
1283 2895 1562 2944 ἀδημονοῦντα
1595 2896 1825 2947 συμφοραῖς
