1946 3298
923 174 1006 218 571

180 296 243 345 δος
287 303 465 348 γυναῖκα
507 301 577 339 τοῦ
619 299 825 349 βασιλέως
871 299 1161 352 ςρατευομένου
1207 302 1272 344 καὶ
1314 301 1616 353 ἀποδημοῦντος
1652 301 1751 345 οὕτω

181 367 398 420 διέφθειρεν
430 366 505 412 ὤςε
539 368 607 409 καὶ
642 369 747 411 κύειν
776 369 819 419 ἐξ
845 369 1112 420 Ἀλκιβιάδου
1142 373 1199 420 μη
1229 374 1435 424 ἀρνεῖσθαι
1461 374 1529 414 καὶ
1559 374 1751 420 τεκούσης

180 438 336 480 παιδίον
380 437 492 490 άρρεν
537 437 608 488 ἔξω
653 441 726 489 μὲν
771 441 1035 492 Λεωτυχίδην
1068 444 1304 498 καλεῖσθαι,
1337 445 1382 485 τὸ
1417 444 1451 484 δ’
1483 444 1590 490 ἐντὸς
1626 445 1749 485 αὐτοῦ

179 509 475 562 ψιθυριζόμενον
517 508 641 559 ὄνομα
682 512 776 561 πρὸς
821 511 898 556 τοὶς
940 511 1072 564 φίλας
1118 512 1186 553 καὶ
1231 514 1307 558 τας
1352 514 1524 560 ὀπαδοὺς
1571 514 1646 555 ὑπὸ
1680 519 1751 560 τῆς

179 580 327 632 μητρὸς
369 579 641 630 Ἀλκιβιάδην
685 578 799 622 εἶναι.
834 585 1019 628 τοσοῦτος
1053 581 1143 633 ἔρως
1178 589 1351 634 κατεῖχε
1386 586 1456 632 την
1485 583 1695 634 ἄνθρωπον.
1734 584 1750 624 ὁ

178 651 211 692 δ’
259 651 458 702 ἐντρυφῶν
503 650 644 701 ἔλεγεν
687 652 765 702 οὐχ
808 650 919 702 ὕβρει
964 655 1079 693 τοῦτο
1125 653 1318 704 πράττειν
1362 654 1446 695 οὐδὲ
1480 653 1750 705 κρατούμενος

179 721 249 773 ὑφ’
295 722 430 770 ἡδονῆς
472 721 571 762 ἀλλ’
616 718 720 767 ὅπως
765 723 1094 771 Λακεδαιμονίων
1136 723 1448 773 βασιλεύσουσιν
1481 725 1514 765 οἱ
1548 724 1592 774 ἐξ
1624 725 1748 765 αὐτοῦ

178 792 409 842 γεγονότες.
462 795 503 832 et
551 793 676 833 tertio
723 791 814 834 loco
861 794 907 833 de
952 793 1250 848 tranquillitate
1295 795 1424 835 animi
1467 807 1564 850 pag.
1609 793 1694 836 467
1707 795 1749 850 f

177 862 294 903 ἀλλά
328 860 570 913 διέφθαρταί
602 877 660 903 σοι
693 861 738 902 τὸ
769 862 946 912 γύναιον.
976 864 1044 904 οὐκ
1072 863 1306 914 ἀνέγνωκας
1337 862 1399 906 οὖν
1428 864 1472 905 τὸ
1500 863 1751 915 ἐπίγραμμα

176 931 220 973 τὸ
249 932 289 972 ἐν
323 936 527 983 Δελφοῖς·

356 1004 513 1053 Ὕγροῖς
547 1001 615 1042 καὶ
648 1004 856 1055 τραφερᾶς
890 1002 1090 1053 βασιλεὺς
1119 1000 1248 1053 τΑγίς
1283 1003 1331 1053 μ’
1366 1003 1568 1053 ἀνέθηκεν.

175 1073 254 1115 οὐδ’
298 1073 476 1121 ἀκήκοας
516 1069 574 1114 ὅτι
618 1073 758 1114 τούτου
803 1074 876 1121 την
917 1079 1097 1123 γυναῖκα
1140 1074 1327 1124 Τίμαιαν
1371 1073 1643 1125 Ἀλκιβιάδης
1678 1075 1751 1116 διέ·

174 1146 310 1196 φθειρε
355 1144 422 1185 καὶ
469 1143 514 1184 τὸ
557 1144 740 1193 γεννηθὲν
776 1144 1044 1194 Ἀλκιβιάδην
1080 1144 1218 1186 ε’κάλει
1252 1144 1510 1197 ψιθυρίζουσα
1545 1145 1638 1197 πρὸς
1673 1146 1751 1193 τάς

175 1214 476 1266 θεραπαινίδας.
542 1213 659 1256 Haec
705 1216 841 1270 igitur
887 1214 999 1256 solus
1046 1215 1302 1257 Plutarchus
1349 1220 1653 1258 commemorat
1701 1217 1752 1259 ab

173 1299 257 1327 uno
301 1288 407 1326 teste
449 1288 637 1339 accepta,
677 1299 802 1339 quem
846 1287 1039 1327 nominat
1067 1287 1111 1327 in
1140 1285 1357 1341 Ayesilao:
1391 1285 1439 1333 ὥς
1473 1293 1575 1338 φησι
1609 1291 1751 1339 Δοῦρις

176 1356 209 1412 (ὁ
246 1355 435 1410 Σάμιος).
498 1355 621 1397 Nihil
652 1355 898 1397 huiusmodi
930 1355 1201 1411 Xenophonti
1231 1358 1441 1407 innotuit,
1475 1358 1585 1399 nihil
1616 1359 1751 1401 Theo-

172 1440 351 1482 pompo,
386 1426 578 1482 Ephoro,
613 1425 864 1468 Callistheni
897 1428 1165 1481 caeterisque.
1214 1427 1450 1482 Xenophon
1480 1428 1640 1470 Hellen.
1674 1429 1749 1471 ΠΙ.

174 1496 211 1539 3.
249 1497 290 1539 2.
322 1497 484 1539 inducit
514 1497 765 1553 Agesilaum
796 1496 1081 1552 Leotychidae
1107 1499 1168 1538 ita
1196 1497 1429 1539 dicentem:
1463 1492 1502 1538 ἓν
1529 1499 1577 1540 τὺ
1607 1506 1748 1547 καλεῖς

173 1567 333 1619 πατέρα
377 1569 446 1611 οὐκ
489 1566 567 1620 ἔφη
612 1583 656 1608 σε
689 1565 789 1608 εἶναι
819 1567 977 1608 ἑαυτοῦ.
1013 1569 1082 1608 cui
1113 1567 1418 1623 Leotychidas:
1453 1570 1553 1610 ἀλλ’
1588 1571 1609 1618 ἡ
1644 1572 1748 1612 πολὺ

172 1637 339 1680 κάλλιον
373 1638 500 1680 εἰδυῖα
532 1638 663 1688 μήτηρ
697 1643 790 1679 ΚΑΙ
824 1642 943 1678 NTN
972 1636 1088 1678 ’ΈΤΙ
1120 1638 1260 1688 φησίν.
1323 1636 1370 1678 Si
1403 1637 1576 1681 Timaea
1607 1654 1749 1683 amore

171 1711 339 1752 incensa
368 1723 450 1751 non
481 1708 655 1751 celasset
687 1722 775 1750 rem
809 1708 886 1753 τας
920 1708 1051 1761 φίλας
1085 1709 1152 1749 καὶ
1186 1709 1263 1754 τοὶς
1297 1708 1495 1764 ὀπαδούς,
1541 1711 1748 1766 quomodo

172 1781 217 1822 id
249 1782 294 1821 in
336 1780 494 1821 iudicio
534 1779 665 1821 latere
697 1779 904 1834 potuisset
935 1783 977 1820 et
1007 1793 1090 1821 non
1121 1782 1265 1821 statim
1298 1782 1341 1821 in
1373 1781 1531 1838 vulgus
1564 1796 1750 1824 emanas-

172 1849 261 1893 set?
325 1850 542 1903 Quomodo
585 1849 758 1891 Timaea
794 1864 878 1891 non
917 1851 1047 1891 sensit
1085 1864 1128 1892 se
1172 1865 1219 1892 ea
1252 1851 1464 1893 dedecoris
1497 1853 1751 1895 confessione

171 1922 258 1965 filio
299 1922 471 1978 posthac
516 1925 557 1963 et
598 1920 898 1963 contumeliam
932 1924 973 1962 et
1005 1920 1291 1963 calamitatem
1324 1935 1469 1976 parare
1503 1937 1629 1977 quam
1659 1937 1751 1978 pas-

171 2008 241 2035 sus
273 1998 358 2041 est,
392 1993 467 2034 ubi
497 1996 596 2034 nata
629 1995 691 2034 est
723 1993 904 2046 suspicio
938 2005 1036 2033 eum
1065 2005 1114 2033 ex
1142 1991 1350 2034 adulterio
1375 2007 1463 2035 esse
1490 1998 1748 2049 susceptum.

171 2064 252 2106 Sed
291 2065 398 2122 Agis
431 2078 528 2106 eum
561 2077 796 2118 numquam
828 2076 903 2117 pro
934 2076 1009 2105 suo
1043 2065 1242 2119 agnovit,
1280 2065 1389 2106 dicet
1422 2065 1588 2120 aliquis.
1636 2064 1749 2107 Red-

172 2135 242 2177 det
286 2135 511 2192 Agesilaus
553 2148 723 2176 causam
766 2135 811 2175 in
841 2134 1135 2189 Xenophontis
1167 2134 1327 2177 Hellen.
1363 2136 1434 2177 III.
1472 2135 1510 2178 3.
1547 2137 1587 2178 2.
1622 2137 1638 2179 ὁ
1674 2144 1750 2179 Πο-

171 2205 307 2247 τειδὰν
342 2230 396 2235 -
432 2220 500 2246 σευ
543 2204 772 2256 ψευδομένω
817 2205 1100 2254 κατεμάνυσεν
1141 2205 1186 2246 ἐκ
1227 2210 1281 2247 τῶ
1324 2206 1499 2257 θαλάμω
1543 2205 1749 2256 ἐξελάσας

172 2277 324 2329 σεισμῷ
358 2276 425 2318 τὸν
458 2275 524 2317 σὸν
558 2274 734 2327 πατέρα.
768 2300 824 2306 -
858 2274 939 2327 ἀφ’
975 2273 1018 2317 οὗ
1049 2276 1131 2327 γὰρ
1165 2277 1233 2318 οὐκ
1262 2276 1394 2327 ἐφάνη
1429 2278 1468 2318 ἐν
1492 2280 1546 2330 τῷ
1574 2277 1748 2331 θαλάμῳ

171 2346 327 2398 δεκάτῳ
359 2346 452 2396 μηνὶ
487 2346 535 2388 τὺ
569 2345 671 2398 ἔφυς
707 2348 823 2400 (nam
859 2347 918 2388 sic
951 2345 1211 2403 legendum).
1276 2347 1533 2390 Plutarchus
1563 2350 1608 2390 in
1639 2348 1749 2404 Age-

171 2418 271 2459 silao
318 2416 357 2459 3.
405 2415 474 2458 35.
517 2417 769 2467 Ἀγησίλαος
815 2414 894 2468 ἔφη
939 2416 1008 2457 καὶ
1049 2417 1114 2458 τὸν
1158 2418 1387 2459 Ποσειδῶνα
1420 2425 1750 2472 καταμαρτυρεῖν

171 2491 239 2530 τοῦ
284 2487 546 2540 Λεωτυχίδου
589 2487 659 2534 την
702 2486 853 2528 νοθείαν
896 2486 1134 2536 ἐκβαλόντα
1174 2489 1324 2540 σεισμῷ
1358 2492 1426 2530 τοῦ
1462 2489 1650 2540 θαλάμου
1683 2490 1750 2533 τὸν

162 2555 310 2609 τΑγιν·
356 2557 433 2600 ἀπ’
480 2558 624 2599 ἐκείνου
666 2558 707 2599 δὲ
750 2557 872 2599 πλέον
914 2557 935 2606 ἢ
980 2557 1080 2598 δέκα
1122 2563 1254 2607 μηνῶν
1289 2558 1518 2601 διελθόντων
1553 2560 1742 2611 γενέσθαι

169 2629 236 2670 τὸν
269 2629 545 2680 Λεωτυχίδην.
595 2629 701 2684 Agis
733 2642 782 2670 ex
812 2630 1025 2669 mensium
1059 2631 1374 2683 computatione
1404 2633 1580 2687 negavit
1611 2631 1750 2673 filium

169 2714 295 2742 suum
337 2713 449 2748 esse,
496 2698 567 2740 sed
601 2698 711 2753 quod
741 2698 996 2740 Plutarchus
1028 2698 1146 2740 addit
1179 2700 1356 2757 (Agesil.
1393 2701 1433 2744 3.
1470 2702 1530 2756 4.)
1565 2703 1636 2743 οὐκ
1669 2702 1748 2755 ἔφη

169 2770 407 2822 γιγνώσκειν
450 2770 561 2810 ἀλλ’
606 2770 656 2818 ἐξ
700 2768 1036 2820 Ἀλκιβιάδου
1081 2771 1388 2826 γεγονέναι,
1432 2785 1514 2813 non
1558 2773 1608 2813 ab
1643 2774 1749 2814 anti-

169 2843 262 2896 quis
308 2841 489 2884 testibus
537 2840 713 2894 accepit.
779 2839 925 2894 Neque
973 2841 1087 2882 enim
1128 2841 1235 2897 Agis
1276 2855 1452 2883 uxorem
1495 2842 1750 2897 repudiavit.

169 2910 240 2954 Sic
287 2915 329 2955 et
375 2913 548 2955 Ariston
590 2924 664 2953 rex
706 2909 1010 2967 Spartanorum
1055 2911 1186 2967 (apud
1228 2910 1495 2956 Herodotum
1536 2912 1606 2956 VI.
1656 2912 1749 2971 63.)
