1946 3298
885 160 972 207 473

202 287 375 332 Certum
418 289 479 329 est
522 287 635 329 enim
677 286 899 331 Platonem
943 302 1026 331 non
1068 289 1223 331 biennio
1264 292 1358 332 ante
1398 294 1579 334 mortem
1594 326 1605 342 ,
1639 292 1710 336 sed

140 358 239 400 XIV
284 361 378 401 ante
422 358 539 398 annis
580 358 738 399 iterum
771 358 1000 400 'Parentum
1033 361 1195 402 venisse
1230 362 1354 415 (anno
1388 360 1504 416 361.)
1539 366 1580 403 et
1612 377 1710 406 cum

140 429 327 485 Archyta
360 427 536 482 aliisque
567 427 849 484 Pythagoreis
881 443 965 471 una
996 430 1125 471 fuisse
1153 431 1262 472 circa
1289 445 1336 472 ea
1364 435 1552 486 tempora
1578 447 1710 487 quum

139 499 367 555 Dionysius
411 512 579 539 securus
621 501 939 553 potentissimae
981 500 1217 556 tyrannidis
1250 502 1399 555 opibus
1430 501 1637 544 frueretur
1669 507 1710 546 et

139 569 373 626 Polyarcho
416 569 644 610 secundum
685 568 910 612 Persarum
942 584 1087 627 regem
1120 584 1229 612 unus
1262 573 1454 613 omnium
1485 572 1709 615 hominum

138 640 406 681 beatissimus
439 653 525 681 esse
556 639 783 683 videretur.

199 710 362 765 Nempe
405 711 441 750 si
479 709 602 751 Plato
643 724 749 752 anno
783 709 867 752 349
897 712 941 752 in
972 710 1098 753 Italia
1128 712 1211 753 fuit
1242 725 1324 753 non
1355 714 1538 768 repperit
1568 716 1711 770 tyran-

138 794 242 822 num
285 781 414 821 otiose
456 793 584 836 regno
628 779 862 835 fruentem,
905 781 976 823 sed
1018 782 1193 836 ancipiti
1226 781 1337 824 bello
1370 797 1560 838 pressum
1592 783 1711 826 nulla

139 854 250 892 certa
281 849 376 891 sede
408 850 491 891 huc
523 849 626 891 illuc
657 854 898 906 vagantem.

197 920 379 962 Minime
405 921 540 976 igitur
567 923 629 961 est
654 921 897 962 mirandum
925 919 1167 964 Ciceronem
1196 922 1409 979 eleganter
1425 925 1564 980 magis
1581 938 1709 979 quam

138 989 364 1047 diligenter
397 990 568 1032 doctum
600 992 645 1031 in
680 1005 861 1034 errorem
894 1006 936 1033 se
966 992 1227 1047 implicuisse
1259 995 1303 1033 in
1336 1007 1379 1035 re
1412 996 1501 1035 tam
1528 998 1707 1037 vetusta.

135 1060 302 1102 Inducit
343 1064 484 1102 autem
525 1060 727 1103 Catonem
768 1062 1075 1104 adolescentem
1107 1062 1228 1104 XXV
1261 1076 1465 1105 annorum
1497 1064 1599 1106 haec
1632 1064 1710 1107 Ta-

134 1132 244 1173 renti
287 1144 337 1172 ex
379 1131 542 1186 hospite
586 1131 775 1173 Nearcho
818 1133 1060 1174 audientem
1105 1146 1211 1174 anno
1255 1132 1374 1184 209„
1419 1134 1463 1174 id
1496 1138 1559 1175 est
1591 1136 1709 1177 annis

137 1201 235 1244 140.
278 1204 372 1257 post
402 1200 593 1244 Platonis
625 1205 808 1244 mortem
842 1206 883 1245 et
915 1217 962 1244 ea
994 1216 1098 1258 quae
1132 1217 1247 1245 senes
1281 1217 1330 1245 ex
1363 1204 1532 1245 senibus
1566 1205 1708 1247 audita

134 1276 303 1315 narrant
329 1272 524 1328 perfacile
552 1277 792 1328 temporum
821 1274 1106 1316 confusionem
1134 1274 1380 1315 admittunt.
1423 1273 1517 1316 Una
1539 1277 1708 1317 tantum

136 1347 198 1386 est
241 1343 417 1384 custodia
447 1344 590 1398 fidelis
627 1344 830 1385 memoriae
862 1359 991 1385 rerum
1018 1349 1215 1396 qestarum
1248 1348 1289 1386 et
1321 1347 1584 1399 temporum,
1619 1359 1708 1388 mo-

134 1417 337 1456 numenta
368 1413 612 1461 literarum,
646 1427 751 1469 quae
782 1416 865 1456 nisi
896 1415 1169 1456 Aristoxenus
1202 1415 1454 1456 condidisset
1486 1415 1630 1458 audita
1657 1430 1708 1458 ex

133 1487 251 1540 patre
291 1483 444 1525 harum
490 1497 632 1525 rerum
681 1484 844 1540 aequali
892 1485 1184 1527 conscribendo
1231 1499 1365 1540 neque
1412 1486 1513 1527 haec
1562 1485 1706 1528 Cicero

133 1555 239 1596 scire
278 1555 483 1610 potuisset
522 1568 656 1609 neque
699 1555 750 1597 ad
793 1569 867 1598 nos
909 1556 998 1597 eius
1029 1557 1090 1597 rei
1121 1555 1210 1597 ulla
1241 1557 1447 1597 memoria
1477 1559 1707 1613 propagata

134 1623 297 1668 fuisset.

191 1763 398 1810 Mirificus
431 1779 542 1809 error
572 1767 740 1822 irrepsit
771 1767 816 1809 in
847 1766 989 1810 locum
1014 1769 1254 1811 Aristoxeni
1278 1768 1389 1824 apud
1414 1768 1540 1826 Diog.
1568 1768 1707 1811 Laert.

131 1836 203 1879 III.
240 1836 281 1879 8.
324 1837 392 1879 καὶ
427 1837 550 1879 αὐτὸν
587 1836 670 1894 (τὸν
703 1836 927 1895 Πλάτωνα)
963 1838 1089 1892 φησὶν
1121 1837 1366 1891 Ἀριςόξενος
1400 1839 1481 1892 τρὶς
1517 1840 1707 1892 §epana-

132 1910 247 1950 σθαι·
280 1905 400 1958 ἅπαξ
431 1908 507 1959 μὲν
541 1909 595 1956 εἷς
629 1908 877 1962 Τανάγροιν,
917 1909 1097 1963 δεύτερον
1129 1910 1161 1951 δ’
1195 1911 1249 1957 εἷς
1284 1908 1484 1965 Κόρινθον,
1517 1910 1646 1963 τρίτον
1676 1909 1709 1952 δ’

133 1979 200 2020 ἐπὶ
249 1979 399 2031 Δηλίῳ.
465 1978 607 2031 Quum
654 1983 717 2021 est
761 1984 1002 2037 pugnatum
1049 1981 1101 2023 ad
1151 1980 1391 2038 Tanagram
1438 1986 1562 2034 <anno
1606 1979 1707 2023 426.

133 2048 322 2106 Thucyd.
358 2048 435 2091 ΙΙΙ.
470 2048 574 2105 91.).
637 2048 760 2092 Plato
794 2051 951 2092 tertium
985 2052 1134 2094 aetatis
1166 2065 1322 2093 annum
1357 2051 1531 2108 agebat,
1573 2051 1710 2094 clades

134 2108 245 2175 apud
289 2119 462 2162 Delium
509 2123 677 2175 accepta
726 2121 848 2177 (anno
897 2121 997 2164 424.
1048 2122 1238 2178 Thucyd.
1283 2121 1355 2165 IV.
1389 2121 1478 2173 89.)
1523 2122 1634 2164 cadit
1665 2125 1710 2165 in

134 2190 312 2245 quintum
353 2189 543 2232 Platonis
585 2204 752 2233 annum.
819 2191 864 2233 Si
908 2193 1009 2248 quid
1051 2196 1113 2234 est
1154 2194 1198 2234 in
1234 2192 1313 2234 hoc
1345 2193 1588 2234 testimonio
1620 2195 1711 2235 veri

135 2259 317 2303 Socratis
359 2261 642 2316 expeditiones
679 2264 1028 2305 commemoravit
1060 2264 1358 2312 Aristoxenus,
1392 2276 1473 2303 non
1505 2262 1708 2305 Platonis.

194 2331 314 2373 Idem
355 2334 397 2373 et
438 2332 572 2373 maior
615 2333 745 2374 etiam
782 2334 826 2374 in
869 2333 1015 2375 eadem
1056 2347 1100 2374 re
1138 2346 1250 2374 error
1282 2334 1532 2374 commissus
1565 2337 1627 2375 est
1659 2333 1710 2375 ab

135 2401 310 2445 Aeliano
342 2403 387 2443 in
417 2400 465 2443 V.
497 2400 554 2443 H.
589 2401 679 2444 VII.
716 2401 785 2443 14.

195 2471 316 2514 Nihil
355 2471 402 2513 hi
438 2471 631 2514 homines
662 2473 707 2514 in
740 2472 896 2515 talibus
929 2473 1125 2515 sciebant.
1191 2473 1515 2529 Xenophontem
1549 2488 1711 2529 quoque

136 2543 254 2585 aiunt
300 2541 352 2584 ad
399 2542 572 2584 Delium
619 2544 889 2599 pugnavisse.
953 2542 1036 2586 Sed
1082 2544 1316 2600 Xenophon
1358 2558 1523 2599 quoque
1565 2546 1712 2588 eodem

136 2626 242 2655 anno
274 2625 354 2668 quo
386 2612 508 2655 Plato
540 2615 664 2655 natus
699 2612 848 2670 (429),
880 2617 929 2656 ut
961 2615 1006 2655 in
1037 2614 1138 2656 Nov.
1157 2614 1281 2657 Leott.
1312 2615 1708 2667 demonstravimus,

136 2686 224 2725 erat
255 2686 349 2725 tum
378 2699 478 2738 puer
510 2684 694 2739 quinque
727 2698 945 2727 annorum.

196 2822 303 2867 Vivo
344 2825 595 2867 Aristoxeno
628 2826 670 2866 in
702 2822 880 2868 Graecia
911 2825 1064 2868 exarsit
1096 2825 1258 2869 bellum
1293 2827 1626 2876 atrocissimum,
1660 2825 1711 2867 de

138 2906 219 2949 quo
252 2894 388 2938 altum
420 2896 531 2951 apud
561 2895 784 2939 historicos
818 2895 1059 2949 silentium,
1093 2896 1165 2940 sed
1195 2896 1471 2953 Aristoxenus
1500 2897 1589 2941 eius
1615 2908 1711 2953 pars
