1946 3298
966 150 1023 193 20

210 285 292 327 τοῖς
327 281 397 329 την
428 278 560 331 τύχην
592 278 660 319 καὶ
693 278 764 327 την
796 277 1044 329 εἱμαρμένην
1076 272 1386 328 ἘΓγράφουσιν
1420 274 1489 316 ἐπί
1521 291 1566 317 τε
1597 276 1673 323 τάς
1707 291 1782 317 κοι-

214 351 284 397 νάς
317 350 482 404 προέξεις
515 350 582 392 καὶ
617 350 693 396 τας
728 347 824 390 κατ’
859 347 962 390 ἰδίαν
993 345 1268 398 περιπετείας.
1333 344 1538 401 Polybius
1566 347 1784 401 scripserat

213 422 563 474 ἘΠΙγράφουσιν.
625 419 908 474 Reprehendit
955 431 1022 459 eos
1069 417 1142 471 qui
1187 415 1377 457 fortunae
1424 419 1466 456 et
1510 416 1596 458 fato
1644 417 1785 458 omnia

213 493 413 546 tribuant,
443 496 484 533 et
508 494 657 532 notum
684 494 746 532 est
773 488 1040 540 ἐπιγράφειν,
1069 485 1400 539 ἐπιγεγράφθαι,
1418 486 1653 541 ἐπιγραφή,
1680 501 1785 541 quae

212 564 378 618 proprie
409 563 456 602 de
487 577 640 615 operum
672 561 802 601 titulis
832 560 1052 612 dicuntur,
1085 556 1299 598 transferri
1333 555 1385 598 ad
1413 569 1481 598 eos
1507 558 1579 611 qui
1607 556 1785 598 alicuius

211 635 271 676 rei
303 632 473 675 laudem
504 645 550 673 ac
581 631 762 688 gloriam
795 633 836 672 et
865 643 1018 672 nomen
1049 630 1122 670 aut
1154 628 1235 669 sibi
1265 629 1338 668 aut
1371 626 1464 669 aliis
1496 627 1700 669 tribuant.

273 772 490 815 Flebiliter
517 771 734 827 deplorans
758 769 964 825 Polybius
992 765 1236 809 XXXVIII.
1269 765 1292 807 1
1312 782 1346 807 a.
1377 780 1477 823 pag.
1499 765 1628 808 1151.
1649 766 1784 820 Bekk.

216 843 414 887 Graeciae
454 842 567 884 mala
598 845 639 883 et
671 841 931 882 calamitates
962 839 1022 880 ait
1054 835 1235 879 Graecos
1267 850 1354 879 esse
1379 837 1517 880 multo
1547 839 1786 879 miseriores

216 929 343 969 quam
386 913 763 968 Carthaginienses.
835 909 884 951 In
924 909 1051 949 huius
1091 906 1175 949 loci
1215 906 1295 949 fine
1326 908 1426 949 haec
1472 908 1601 950 verba
1644 909 1784 963 ponit:

216 981 274 1026 ὅτι
319 984 350 1025 δ’
394 982 451 1027 ἐςὶ
495 982 538 1023 τὸ
573 985 638 1023 νῦν
668 979 866 1033 εἰρημένον
898 978 971 1032 ὑφ’
1006 979 1116 1028 ἡμῶν
1147 978 1293 1027 ἀληθὲς
1326 977 1428 1020 εἴποι
1459 994 1521 1025 τις
1554 978 1604 1020 ἂν
1628 1003 1682 1008 -
1707 994 1787 1019 πα-

215 1054 343 1106 ραθεὶς
387 1054 464 1100 τας
507 1051 698 1098 δοκούσας
734 1050 915 1101 μεγίςας
949 1049 1165 1102 συμφοράς
1197 1049 1412 1100 γεγονέναι
1444 1049 1557 1091 κατά
1588 1049 1660 1097 την
1693 1051 1787 1090 Ἑλ-

213 1123 325 1167 λάδα
367 1123 461 1176 πρὸς
504 1123 560 1164 τά
601 1125 665 1163 νῦν
708 1122 778 1174 ὑφ’
811 1123 918 1172 ἡμῶν
950 1119 1173 1170 λεγόμενα.
1237 1119 1401 1162 Mirum
1432 1123 1494 1162 est
1523 1124 1614 1162 tam
1645 1120 1789 1162 absur-

215 1196 312 1237 dam
355 1194 603 1237 sententiam
644 1194 857 1234 neminem
900 1191 1160 1233 eruditorum
1197 1190 1427 1232 offendisse.
1488 1190 1583 1233 Non
1613 1190 1788 1246 perdam

215 1266 353 1308 multa
383 1265 510 1308 verba
541 1266 584 1305 in
615 1277 658 1305 re
692 1263 887 1305 evidenti.
938 1261 1052 1318 Lege
1081 1261 1175 1314 πρὸς
1203 1262 1258 1303 τά
1286 1264 1351 1303 νῦν
1379 1260 1477 1303 Ἐφ’
1503 1262 1613 1312 ἡμῶν
1640 1261 1788 1303 reNo'-

215 1352 334 1388 μενά.
381 1335 540 1377 Deinde
571 1337 784 1389 comparat
815 1336 975 1377 veteres
1002 1330 1202 1376 Graeciae
1228 1331 1489 1374 calamitates
1515 1347 1613 1375 cum
1640 1346 1788 1387 aequa-

214 1407 323 1450 lium
354 1420 525 1448 suorum
555 1406 750 1447 miseriis.

276 1548 377 1590 Post
408 1561 540 1603 pauca
566 1547 712 1588 scribit
739 1543 1013 1587 ἐκινδύνευσαν
1042 1545 1116 1595 μὲν
1144 1542 1321 1595 πάντες,
1351 1542 1553 1586 ἔπταισαν
1580 1543 1620 1586 δὲ
1641 1544 1787 1591 τελέως

218 1619 483 1669 ὂ>.ι’γΙ(ἶΤΟΙ.
547 1617 794 1674 Legendum
834 1616 980 1662 τελέως
1024 1615 1166 1666 ὀλίγοι.
1232 1614 1416 1672 Vulgata
1446 1614 1617 1671 perinde
1647 1617 1789 1671 inepta

215 1694 277 1732 est
324 1703 370 1731 ac
417 1691 451 1730 si
497 1688 646 1730 Latine
692 1688 846 1729 dixeris
893 1688 1094 1728 admodum
1132 1686 1378 1740 paucissimi.
1453 1685 1614 1728 Deinde
1656 1686 1789 1728 scribe

217 1758 403 1801 εὔκλειαν
428 1784 483 1790 -
508 1760 578 1806 την
620 1758 796 1809 μεγίςην
839 1757 1161 1807 άπηνέγκανΤΟ
1206 1771 1280 1812 pro
1322 1756 1578 1808 ἀπήνεγκαν.
1642 1757 1789 1810 Bepor-

217 1835 301 1871 tare
336 1830 505 1883 storiam
544 1830 772 1871 necessario
815 1833 856 1871 et
899 1832 1135 1871 constanter
1176 1828 1331 1870 dicitur
1369 1827 1555 1871 εὔκλειαν
1587 1826 1790 1882 άποφέρε-

216 1902 330 1952 σθαι,
364 1914 446 1942 11011
476 1900 708 1953 άποφέρειν.

276 2040 482 2096 Polybius
523 2042 567 2081 in
608 2054 694 2095 sqq.
740 2040 789 2082 de
832 2039 1031 2083 Graeciae
1073 2039 1199 2082 malis
1245 2041 1306 2081 ita
1338 2039 1505 2081 scribit:
1540 2038 1717 2092 ἐπέσχεν
1751 2039 1788 2080 ἐν

216 2117 298 2157 τοῖς
341 2110 433 2153 καθ’
470 2113 579 2159 ἡμᾶς
613 2116 759 2171 καιροῖς
792 2112 861 2159 την
896 2110 1087 2152 Ἑλλάδα
1120 2112 1260 2152 πᾶσαν
1293 2109 1470 2152 άπαιδία
1504 2109 1572 2151 καὶ
1605 2109 1790 2159 συλλήβ-

218 2182 285 2229 δην
327 2181 647 2232 σ’λιγανθρωπιά,
694 2181 742 2222 δι’
776 2178 819 2228 ἣν
852 2180 902 2224 αἵ
926 2198 970 2223 τε
1004 2181 1141 2227 πόλεις
1174 2180 1484 2232 ἓξηρημώθησαν
1517 2180 1585 2222 καὶ
1616 2181 1790 2233 άφοριάν

217 2249 316 2294 εἶναι
360 2251 570 2301 συνέβαινε
614 2251 759 2304 καίπερ
801 2252 892 2294 οὔτε
935 2251 1123 2303 πολέμων
1166 2256 1344 2304 συνεχῶν
1382 2250 1644 2303 ’ἐσχηκότων
1679 2253 1789 2301 ἡμᾶς

216 2323 308 2364 οὔτε
348 2326 536 2372 λοιμικῶν
579 2321 838 2374 περιςάσεων.
916 2323 1163 2380 Legendum
1211 2326 1389 2374 συνεχῶν
1435 2323 1789 2375 ΚΑΤεο-χηκότων

219 2394 342 2444 ἡμεῖς.
405 2392 499 2434 Νο11
540 2394 710 2447 ponitur
752 2395 863 2434 enim
904 2395 949 2434 in
980 2393 1056 2436 tali
1088 2407 1132 2435 re
1163 2392 1343 2448 simplex
1376 2391 1486 2445 ἔχειν
1518 2394 1591 2436 sed
1623 2392 1788 2445 ἐπέχειν

218 2468 259 2505 et
289 2464 487 2504 usitatius
520 2462 727 2514 κατέχειν.

278 2534 320 2574 Si
359 2534 447 2588 quis
486 2533 630 2585 iffl‘bur,
673 2535 833 2588 inquit,
875 2535 922 2574 de
964 2550 1009 2575 ea
1051 2550 1093 2576 re
1133 2536 1188 2576 ad
1226 2535 1329 2576 Deos
1370 2536 1524 2591 referre
1561 2540 1596 2577 et
1628 2537 1790 2578 oracula

217 2604 416 2645 consulere
458 2604 590 2652 vellet,
636 2599 696 2656 ἆρ’
738 2605 808 2645 οὐκ
850 2605 898 2646 ἂν
933 2605 1113 2660 (άνόητο-,τ
1147 2606 1257 2662 add.)
1292 2607 1483 2660 ἐφαίνετο
1510 2632 1563 2638 -
1589 2613 1660 2656 τῆς
1693 2608 1788 2660 διορ-

217 2674 366 2720 θώσεως
411 2675 500 2714 ’eN
543 2676 638 2724 ἡμῖν
680 2675 887 2726 κειμένης,
928 2677 1014 2718 imo
1058 2691 1155 2720 vero
1197 2679 1265 2730 ἐφ’
1303 2679 1412 2729 ημῖν.
1445 2678 1490 2720 in
1522 2683 1656 2720 nostra
1677 2683 1788 2733 pote-

216 2749 314 2786 state
343 2744 421 2784 sita
452 2748 520 2785 est.

276 2881 435 2924 Deinde
492 2883 686 2925 continuo
739 2883 840 2926 haec
889 2884 1004 2927 addit
1055 2885 1274 2943 (exhibebo
1320 2887 1463 2930 locum
1510 2891 1559 2930 ut
1602 2902 1626 2931 a
1671 2887 1787 2932 Maio
