1946 3298
900 175 955 218 91

141 298 356 360 Hesychio
379 301 634 344 reddendum
662 302 1029 344 ‘TnEKINOTNz
1050 328 1105 336 —
1124 301 1337 344 ἐπτοοῦντο
1353 317 1427 358 pro
1446 304 1715 348 ὑπεκινοῦντο.

202 441 433 498 Scripserat
471 442 550 484 Dio
591 442 711 484 Tom.
756 441 807 482 II.
851 456 948 498 pag.
992 442 1062 483 90.
1110 443 1295 494 ατεχνῶς
1341 441 1381 483 δὲ
1423 441 1544 484 ἔοικεν
1592 441 1719 494 ὅμοιον

142 509 243 553 εἶναι
280 519 362 559 τοῖς
396 513 481 565 περὶ
515 513 632 564 θύρας
668 512 883 563 ὑπηρέταις
916 517 992 554 τῶν
1024 517 1214 554 τελετῶν.
1278 513 1345 554 Ad
1377 513 1462 564 περὶ
1499 513 1616 564 θύρας
1650 515 1718 556 ad-

144 584 310 638 scripsit
352 584 505 638 aliquis
549 582 637 632 ἔξω.
708 582 854 637 Itaque
896 596 1005 624 nunc
1050 596 1179 637 aequo
1227 584 1368 625 animo
1414 583 1587 640 legunt:
1635 590 1717 631 τοῖς

146 653 256 709 [ἔξω]
319 653 405 705 περὶ
465 653 596 704 θύρας.
669 653 782 694 Hinc
828 657 976 694 natum
1023 653 1200 695 verbum
1249 658 1311 695 est
1358 654 1468 708 apud
1514 653 1719 696 Photium

142 724 473 775 Περιθυρεῖνῖ
508 723 594 775 περὶ
629 724 747 775 θύρας
782 721 901 777 εἶναι,
936 726 977 764 et
1008 722 1275 779 Hesychium
1307 725 1641 776 Περιθυρεῖνί
1674 726 1718 767 τὸ

141 794 204 835 ἐπὶ
239 798 331 839 ταῖς
363 793 497 845 θύραις
529 792 709 838 ἵςασθαι.
758 794 868 846 Quid
900 795 955 834 sit
989 794 1203 845 περιθυρεῖν
1234 793 1382 835 Dionis
1413 794 1529 836 locus
1559 797 1719 851 optime

142 863 338 906 declarat.

199 935 276 977 Est
316 936 360 976 in
401 936 556 977 vicinia
596 949 755 977 novum
799 933 1032 977 emblema:
1067 931 1094 976 ἃ
1130 933 1317 988 ἔπασχον
1350 937 1393 978 ἐκ
1426 941 1597 978 Μουσῶν
1633 938 1718 993 [καὶ

142 1006 400 1061 κατείχοντο]
434 1004 616 1058 “Ὀμηρο’ς
649 1023 694 1048 τε
728 1007 797 1048 καὶ
831 1006 1021 1053 Ἡσίοδος.

199 1145 416 1188 Praeclare
457 1145 538 1187 Dio
580 1144 701 1187 Tom.
746 1145 800 1188 ΙΙ.
843 1160 939 1203 pag.
987 1145 1070 1189 147
1090 1161 1148 1202 sq.
1189 1147 1447 1190 demonstrat
1479 1149 1719 1191 civitatium

142 1216 397 1260 Graecarum
439 1218 550 1258 inter
591 1230 633 1258 se
676 1216 902 1258 discordias
945 1221 987 1259 et
1029 1217 1124 1259 odia
1160 1217 1486 1274 Magistratibus
1517 1219 1719 1262 Romanis

141 1290 316 1344 impune
345 1287 563 1344 grassandi
592 1287 806 1329 licentiam
834 1288 1043 1343 praebere.
1072 1288 1092 1336 ἢ
1126 1289 1194 1329 οὐκ
1224 1289 1530 1340 ἐπαισθάνεσθε,
1558 1292 1717 1346 inquit,

143 1363 215 1406 τῆς
249 1359 493 1410 τυραννίδος,
527 1356 570 1406 ἣν
604 1359 625 1405 ἡ
658 1358 777 1405 ςάσις
813 1360 834 1407 ἡ
869 1357 1044 1410 ὑμετέρα
1078 1359 1208 1400 δίδωσι
1243 1365 1325 1406 τοῖς
1358 1359 1550 1411 ἄρχουσιν
1589 1363 1716 1412 ὑμῶν;

143 1433 184 1472 et
215 1433 309 1485 post
338 1441 492 1484 pauca:
528 1429 813 1479 κατεγνώκασι
849 1428 888 1470 δὲ
925 1430 1031 1479 ὑμῶν
1065 1429 1200 1470 ἄνοιαν
1234 1430 1407 1484 δημοσίᾳ
1440 1432 1507 1472 καὶ
1541 1436 1718 1484 χρῶνται

141 1500 325 1552 καθάπερ
368 1505 450 1547 τοῖς
493 1501 662 1547 παιδίοις
706 1500 821 1550 ὑμῖν,
854 1497 909 1547 οἷς
945 1499 1146 1546 πολλάκις
1180 1501 1270 1542 azur}
1302 1505 1378 1543 τῶν
1411 1503 1594 1553 μεγίςων
1627 1519 1718 1556 προ-

141 1571 317 1613 τείνεται
361 1570 417 1611 τα
448 1569 693 1622 μικρότατα.
722 1597 776 1605 -—
801 1571 868 1612 καὶ
903 1572 935 1612 εἰ
970 1568 1079 1613 εἷπον
1115 1572 1222 1621 ὑμᾶς
1266 1575 1498 1624 πρώτους
1543 1575 1563 1622 ἢ
1599 1572 1720 1627 ἔγρα-

141 1646 228 1694 ψαν
273 1638 348 1683 εἶτ’
393 1641 489 1683 εἰσὶν
533 1642 726 1683 άκίνδυνοι
774 1642 817 1683 τὸ
860 1642 998 1684 λοιπὸν
1042 1643 1136 1692 ὑμῖν
1178 1645 1228 1689 ὡς
1273 1643 1467 1695 ἐσχάτοις
1504 1644 1716 1696 χρώμενοι.

141 1712 307 1755 Ultima
348 1726 442 1768 pars
484 1711 566 1754 loci
606 1714 763 1755 vitium
806 1715 1020 1768 concepit,
1065 1727 1163 1755 nam
1207 1713 1317 1755 nihil
1358 1717 1420 1756 est
1460 1718 1636 1767 χρῆσθαι
1669 1718 1720 1763 ὡς

142 1783 350 1836 ἐσχάτοις.
414 1783 632 1826 Sententia
673 1788 736 1825 est
767 1786 1008 1839 perspicua,
1042 1798 1192 1839 nempe
1223 1784 1347 1826 haec:
1381 1791 1522 1827 vescant
1553 1801 1618 1828 vos
1648 1802 1722 1828 om-

142 1855 257 1897 nibus
283 1854 538 1897 contumeliis.
585 1854 720 1896 Periit
745 1869 878 1896 unum
906 1855 1184 1905 vocabulum,
1215 1869 1295 1910 quo
1320 1860 1512 1899 revocato
1539 1871 1722 1900 renasce-

143 1930 213 1968 tur
254 1927 525 1982 proverbium
565 1939 612 1968 eo
655 1940 778 1968 sensu
817 1928 983 1968 tritum.
1049 1926 1353 1982 Reponendum
1385 1927 1430 1968 τὸ
1462 1928 1599 1969 λοιπὸν
1630 1929 1723 1979 ὑμῖν

143 1998 192 2043 ὡς
225 2002 436 2039 ΜΊὍΩΝ
470 1996 664 2049 ἐσχάτοις
698 2000 913 2049 χρώμενοι.
976 1996 1120 2039 Cicero
1157 2011 1231 2052 pro
1262 1997 1410 2040 Flacco
1443 1997 1522 2041 27:
1553 1999 1651 2054 quid
1680 2000 1723 2041 in

148 2069 295 2109 Graeco
326 2083 497 2110 sermone
527 2073 605 2110 tam
637 2072 772 2111 tritum
804 2073 839 2110 et
876 2068 1108 2109 celebratum
1140 2073 1195 2109 est
1225 2083 1339 2123 quam
1368 2068 1405 2108 si
1432 2069 1520 2123 quis
1551 2070 1725 2124 despica-

145 2139 206 2180 tui
248 2140 406 2180 ducitur
449 2144 492 2181 ut
529 2139 753 2196 Mysorum
795 2139 975 2181 ultimus
1007 2154 1085 2180 esse
1115 2138 1306 2180 dicatur?
1354 2136 1416 2181 Of.
1446 2138 1723 2183 Scholiastam

145 2209 333 2252 Platonis
374 2211 425 2252 ad
470 2211 712 2252 Theaetetum
752 2224 848 2267 pag.
883 2209 968 2251 209
987 2221 1024 2251 B.
1060 2213 1101 2252 et
1133 2211 1184 2252 ad
1212 2209 1426 2264 Euripidis
1458 2211 1629 2252 Blaesum
1661 2226 1722 2255 vs.

147 2279 258 2331 248,
292 2282 366 2323 ubi
397 2285 459 2323 est
489 2281 723 2324 versiculus
754 2282 998 2323 Menandri:

477 2353 509 2394 εἶ
545 2355 600 2402 μη
635 2359 790 2403 γαμεῖς
825 2353 908 2404 γαρ
941 2350 1121 2404 ἔσχατον
1154 2350 1286 2403 νόμιζέ
1318 2368 1372 2401 με

475 2428 640 2466 Μυσῶν.

147 2497 209 2536 est
256 2495 385 2549 patris
426 2495 525 2536 irati
565 2495 617 2536 ad
654 2493 791 2536 filium
835 2495 965 2536 oratio
1012 2497 1054 2536 et
1093 2498 1249 2544 γαμεῖς
1293 2493 1487 2536 futurum
1518 2499 1603 2538 est:
1636 2512 1726 2539 nam

146 2565 227 2606 nisi
268 2580 423 2606 umorem
463 2566 623 2607 duxeris
664 2568 830 2606 omnium
871 2566 1067 2606 hominum
1110 2565 1459 2619 despicatissimum
1494 2582 1552 2608 me
1586 2569 1726 2610 habeas

148 2636 251 2677 lieet.
313 2635 362 2676 In
393 2636 632 2690 Appendice
663 2636 947 2693 Paroemiogr.
983 2635 1044 2678 II.
1082 2634 1153 2677 85.
1193 2637 1469 2688 ’Έσχατος
1514 2643 1724 2682 Μυσῶνε

149 2732 203 2737 —
229 2705 401 2756 λέγεται
428 2706 493 2747 ἐπὶ
520 2711 594 2747 τῶν
619 2706 884 2759 ὑπερηφάνως
908 2706 988 2748 τισὶ
1009 2706 1265 2758 κεχρημένων
1290 2707 1358 2748 καὶ
1384 2707 1540 2750 εἰώθασι
1566 2710 1724 2759 λέγειν·

150 2777 199 2823 ὡς
233 2777 401 2829 ἐσχάτῳ
433 2783 582 2819 Μυσῶν
616 2777 817 2829 κέχρηταί
848 2793 929 2828 μοι.
977 2776 1070 2820 Hoc
1100 2779 1242 2832 ipsum
1274 2778 1410 2834 igitur
1440 2777 1520 2821 Dio
1549 2779 1721 2824 dixerat.

210 2917 324 2959 Tom.
368 2916 424 2959 II.
465 2931 561 2975 pag.
608 2917 705 2960 149.
750 2917 771 2967 ἢ
814 2917 856 2960 τί
895 2917 1047 2961 δοκεῖτε
1082 2918 1196 2971 παρὰ
1228 2920 1346 2960 τοῦτο
1359 2931 1369 2970 5
1405 2918 1477 2967 τὴν
1510 2919 1724 2965 θάλατταν
