1946 3298
892 165 979 208 253

153 294 261 346 718,
305 309 386 337 non
431 292 531 336 730.
595 290 801 335 Similiter
834 291 943 347 quod
976 291 1093 334 addit
1125 291 1254 335 libros
1285 306 1382 335 suos
1415 292 1617 348 περιέχειν
1650 294 1720 343 ἔτη

152 366 237 408 δυσὶ
280 365 474 407 λείποντα
518 368 594 406 τῶν
635 364 780 416 χιλίων
819 362 962 404 ἑκατὸν
995 362 1327 415 τετταράκοντα,
1361 378 1443 406 non
1474 365 1518 406 id
1551 366 1723 420 quidem

150 437 272 492 plane
310 450 459 478 verum
503 438 587 489 est,
630 448 812 489 namque
853 435 963 475 inter
1002 434 1073 481 την
1107 432 1258 475 ἅλωσιν
1293 434 1446 492 (1183)
1478 440 1519 478 et
1550 438 1723 478 initium

149 506 252 550 belli
282 505 439 550 Gallici
471 505 563 561 (58)
596 506 694 547 anni
726 508 824 546 sunt
857 503 996 555 1125,
1029 518 1111 547 non
1146 503 1275 547 1138.

210 667 302 709 Lib.
346 667 376 708 I.
425 666 493 709 30.
530 666 571 709 7.
603 666 653 709 de
683 665 909 722 paludibus
940 667 984 708 in
1016 668 1213 724 Aegypto
1245 668 1412 710 scribit:
1449 671 1470 718 ἦ
1505 668 1645 720 άμμος
1681 671 1725 712 ἐκ

150 740 219 779 τοῦ
262 736 359 779 κατ’
406 738 543 788 ὀλίγον
586 737 824 788 πατουμένη
868 738 939 781 τὴν
981 737 1128 779 ἔνδοσιν
1164 739 1379 789 λαμβάνει
1413 740 1481 781 καὶ
1515 741 1608 788 τοὺς
1642 741 1725 783 ε’πι-

149 807 824 862 βάΛΛοντας-παρακρούεται,
889 808 1136 864 Legendum
1179 823 1266 853 esse
1309 814 1480 867 apparet
1511 812 1613 859 τοὺς
1638 813 1726 855 ε’πι-

149 879 420 930 βΑΙΝοντας.

210 1021 304 1063 Lib.
346 1021 417 1063 IV.
462 1020 532 1063 65.
578 1020 618 1063 6.
662 1019 927 1073 Ἀμφιαράου
970 1022 1065 1073 πρὸς
1105 1022 1308 1075 ”Αδρας·ον
1340 1023 1603 1077 ςασιάζοντος
1639 1029 1727 1080 περὶ

150 1096 222 1140 τῆς
267 1092 533 1138 ΒΑΟΙΛειάς.
579 1106 661 1135 non
697 1092 746 1134 de
778 1106 907 1150 regno
938 1093 1267 1145 contendebant,
1303 1095 1375 1137 sed
1406 1096 1610 1140 Adrastus
1641 1099 1729 1142 bel-

153 1162 246 1204 lum
279 1177 376 1205 cum
408 1162 616 1205 Thebanis
648 1178 791 1220 gerere
823 1163 1014 1213 volebat,
1049 1165 1333 1221 Amphiaraus
1370 1166 1552 1210 nolebat.
1615 1169 1729 1228 Lege

150 1235 285 1290 igitur
329 1234 416 1285 περὶ
453 1238 525 1281 τῆς
561 1234 861 1289 (ῖΤΡΑΤείας,
894 1238 944 1276 ut
975 1237 1122 1277 statim
1154 1236 1345 1278 additur:
1381 1243 1452 1286 τῆς
1487 1239 1527 1281 δὲ
1562 1241 1730 1293 Ἐριφύ-

152 1313 225 1353 λης
271 1303 415 1361 (quam
448 1305 650 1348 arbitram
685 1309 894 1362 ceperant)
928 1332 981 1337 —
1001 1307 1322 1360 ἀποφηναμένης
1356 1309 1435 1352 δεῖν
1478 1313 1728 1364 στρατεύειν.

211 1445 306 1488 Lib.
337 1444 406 1488 IV.
442 1445 511 1488 66.
547 1445 586 1490 ’7.
620 1447 665 1489 τὸ
700 1446 781 1498 γαρ
816 1444 1011 1499 ἐνθεάζειν
1042 1446 1154 1488 κατα
1188 1451 1384 1497 γλῶτταν
1412 1446 1512 1491 εἶναι
1546 1451 1731 1502 σιβυλ-

152 1517 377 1558 λαίνειν.
441 1516 579 1559 Nihili
619 1517 753 1560 forma
797 1521 858 1559 est
901 1517 1180 1568 σιβυλλαίνειν
1223 1522 1392 1561 etcum
1425 1521 1619 1579 analogia
1649 1537 1729 1579 pu-

152 1601 298 1644 gnans.
364 1585 668 1645 Corrigendum
716 1591 778 1630 est
825 1588 1108 1639 σιβυλλΙΑΝ,
1158 1592 1207 1631 ut
1254 1590 1365 1646 apud
1406 1592 1730 1648 Aristophanem

154 1658 305 1713 Equitt.
343 1658 412 1700 61.

453 1729 539 1784 ᾄδει
573 1730 612 1772 δὲ
645 1730 876 1783 χρησμοὺς,
907 1730 924 1772 ὁ
958 1729 997 1772 δὲ
1029 1730 1154 1783 γέρων
1186 1731 1402 1788 σιβυλλιᾷ.

212 1878 306 1922 Lib.
351 1879 400 1922 V.
446 1880 488 1922 2.
532 1880 571 1923 3.
605 1880 693 1923 ἔνιοι
729 1881 768 1923 δὲ
801 1885 877 1923 τῶν
910 1886 1080 1928 ποιητῶν
1114 1883 1383 1933 μυθολογοῦσι
1417 1884 1530 1926 κατα
1562 1885 1629 1927 τὸν
1662 1890 1732 1929 τοῦ

154 1950 386 1998 Πλούτωνος
416 1951 482 1993 καὶ
515 1951 772 2004 Περσεφόνης
799 1952 936 2004 γάμον
967 1953 1043 1995 ὑπὸ
1072 1953 1166 2000 Διὸς
1195 1953 1498 2007 άνακάλυπτρα
1522 1963 1571 2010 τῇ
1592 1956 1733 2012 νύμφη

154 2019 334 2064 δεδόσθαι
378 2023 448 2070 τὴν
493 2027 604 2071 νῆσον
647 2022 803 2071 ταύτην
850 2023 1076 2080 (Siciliam).
1141 2024 1222 2066 Pro
1255 2024 1559 2079 ἀνακάλυπτρα
1594 2041 1734 2072 emen-

153 2101 338 2144 dandum
393 2107 454 2145 est
501 2105 911 2147 άνακαλυπΤΗΡΙΛ.
993 2104 1130 2147 Scribi
1177 2105 1337 2148 solebat
1386 2097 1632 2160 άνακαλυῖιξ,
1682 2114 1732 2152 ut

261 2181 296 2206 ΤΡ

155 2194 310 2244 δεσμω,
355 2184 497 2246 θεωρηρ,
543 2198 584 2236 et
625 2196 718 2237 sim.
764 2197 809 2237 in
843 2197 996 2251 quibus
1027 2196 1186 2238 indocti
1216 2197 1375 2240 scribae
1409 2204 1559 2242 errant.
1625 2201 1732 2245 Vide

155 2279 260 2322 quae
291 2267 534 2308 notavimus
568 2266 620 2308 ad
650 2265 898 2322 Harpocrat.
934 2282 974 2310 v.
1012 2267 1392 2321 Ἀνακαλυπτήρια.
1459 2270 1568 2322 Quia
1605 2275 1731 2329 scrip-

155 2360 249 2398 tura
290 2346 517 2398 άνακαλυῖτὲ
559 2356 688 2398 etiam
731 2356 781 2398 de
822 2356 1029 2414 singulari
1070 2372 1246 2401 numero
1289 2365 1517 2416 usurpatur
1555 2363 1732 2407 fortasse

155 2429 509 2481 ἀνακαλυπτήριον
550 2428 690 2470 verius
734 2430 813 2477 est,
860 2431 909 2468 ut
950 2427 999 2469 de
1038 2428 1183 2470 eadem
1215 2444 1258 2472 re
1291 2431 1437 2473 scribit
1470 2432 1727 2477 Plutarchus

155 2501 199 2541 in
231 2499 472 2544 Timoleone
505 2513 590 2555 cap.
627 2497 664 2539 8.
700 2497 768 2539 καὶ
804 2499 875 2546 την
908 2502 1021 2547 νῆσον
1055 2499 1094 2540 ἐν
1126 2505 1206 2547 τοῖς
1243 2500 1395 2551 γάμοις
1430 2504 1731 2553 άνακαλυπτή-

155 2586 228 2623 ριον
259 2572 364 2624 αὐτῇ
398 2572 568 2619 δοθῆναι.

214 2640 263 2682 In
303 2656 392 2698 sqq.
435 2641 567 2683 scribe
604 2641 636 2682 οἱ
671 2638 985 2690 ΔΟΚιμώτατοι
1018 2645 1095 2683 τῶν
1127 2643 1431 2697 συγγραφέων,
1464 2658 1563 2687 nam
1596 2647 1731 2701 perin-

157 2714 250 2767 epte
280 2712 420 2755 editur
450 2709 798 2761 ΝΟΜιμώτατοι.

219 2841 337 2892 Quod
379 2843 524 2885 scribit
565 2842 773 2884 Diodorus
808 2841 858 2884 V.
901 2842 944 2884 3.
975 2842 1013 2885 4.
1049 2843 1089 2885 ἐν
1120 2849 1203 2891 τοῖς
1238 2843 1326 2897 περὶ
1359 2845 1430 2893 την
1464 2845 1624 2899 Ἱμέραν
1658 2848 1730 2899 με’-

159 2926 261 2962 ρεσιν
304 2911 379 2959 τὰς
419 2913 584 2968 νύμφας
619 2914 765 2965 θερμῶν
799 2912 954 2956 ὑδάτων
986 2915 1139 2958 άνεῖναι
1174 2914 1316 2967 πηγας
1350 2915 1462 2958 κατα
1495 2917 1567 2966 τὴν
1602 2919 1728 2974 Ἡρα-
