1946 3298
941 175 1026 219 563

193 300 339 354 φανεὶς
378 299 548 352 καθαρὸς
584 301 694 347 εὐθὺς
728 302 794 344 ἐπὶ
837 303 1073 356 δημαρχίαν
1106 302 1298 356 ὥρμησεν.
1361 303 1513 347 Incidit
1545 319 1592 347 ea
1624 318 1689 348 res
1719 306 1763 349 in

192 385 348 413 annum
395 370 503 421 124,
549 385 731 427 namque
773 387 855 415 non
897 378 1058 428 poterat
1101 373 1227 416 Caius
1261 375 1464 427 Quaestor
1495 377 1540 418 in
1571 375 1764 420 Sardinia

192 443 322 484 socios
353 441 525 484 Italicos
557 443 608 485 ad
641 444 916 486 defectionem
950 445 1195 488 sollicitasse
1227 447 1374 489 videri.

251 511 506 554 Plutarchus
549 513 641 555 Gaii
682 514 797 571 leges
842 529 1088 557 enumerans
1133 516 1172 558 5.
1216 516 1257 559 8.
1300 519 1361 560 ita
1403 519 1568 560 scribit:
1613 521 1688 559 τῶν
1722 516 1762 559 δὲ

192 580 319 632 νόμων
353 608 407 614 —
441 585 458 625 ὁ
503 585 577 634 μὲν
619 583 662 633 ἦν
696 586 959 639 κληρουχικός
996 612 1049 618 -
1085 587 1101 628 ὁ
1136 587 1174 628 δὲ
1203 588 1430 639 δικαςικὸς,
1461 585 1487 642 ᾧ
1520 589 1564 630 τὸ
1598 593 1763 632 πλεῖςον

191 652 378 704 ἀπέκοψε
421 660 493 703 τῆς
538 660 613 697 τῶν
645 661 929 706 συγκλητικῶν
963 656 1193 713 δυνάμεως,
1226 673 1376 714 nempe
1410 660 1654 711 τριακοσίους
1687 662 1763 700 τῶν

191 724 345 765 ἱππέων
401 726 722 775 προσκατέλεξεν
774 728 912 774 αὐτοῖς
961 725 1044 770 οὖσι
1092 730 1326 780 τριακοσίοις
1377 730 1444 771 καὶ
1494 731 1571 776 τας
1618 729 1763 781 κρίσεις

191 795 323 841 κοινας
369 801 443 838 τῶν
479 797 692 847 ἑξακοσίων
726 798 922 846 ἐποίησεν.
989 799 1124 851 Quam
1157 800 1420 857 negligentes
1452 804 1549 842 sunt
1582 804 1624 842 et
1654 798 1765 841 nihil

190 865 330 906 sciunt
376 870 503 909 testes
551 882 653 923 quos
701 869 810 911 solos
857 869 1062 911 habemus
1109 871 1261 912 harum
1307 885 1450 912 rerum
1493 866 1761 925 superstites!

194 933 330 986 Quam
373 936 513 994 leg-em
557 939 811 981 Plutarchus
849 941 995 981 scribit
1028 955 1051 982 a
1084 943 1125 981 C.
1164 939 1353 983 Graccho
1386 956 1474 983 esse
1505 941 1639 983 latam
1671 952 1765 981 ean-

193 1008 289 1048 dem
330 1013 471 1051 narrat
516 1010 584 1053 16.
627 1009 665 1052 6.
702 1010 919 1052 Tiberium
953 1011 1121 1053 tulisse:
1158 1011 1298 1058 ὁὲλλοις
1331 1012 1460 1062 νόμοις
1493 1010 1764 1062 ἀνελάμβανε

191 1077 237 1118 τὸ
269 1080 418 1127 πλῆθος
452 1107 506 1112 -
541 1081 609 1122 καὶ
644 1080 771 1127 διδοὺς
806 1082 1087 1124 ἐπικαλεῖσθαι
1121 1082 1187 1124 τὸν
1220 1083 1342 1133 δῆμον
1375 1083 1457 1125 οέπὸ
1490 1084 1566 1124 τῶν
1592 1083 1764 1125 δικαςῶν

193 1150 261 1191 καὶ
293 1155 374 1197 τοῖς
404 1153 569 1201 κρίνουσι
599 1154 692 1194 τότε
721 1160 1008 1204 συγκλητικοῖς
1037 1152 1120 1196 οὖσι
1148 1154 1410 1206 καταμιγνὺς
1440 1155 1482 1196 ἐκ
1511 1158 1587 1195 τῶν
1609 1151 1764 1196 ἱππέων

191 1220 257 1262 τὸν
292 1221 373 1263 ἴσον
405 1222 580 1274 ἀριθμόν.
615 1225 658 1265 in
686 1238 766 1279 quo
798 1224 889 1266 loco
914 1226 1040 1279 periit
1068 1225 1321 1268 vocabulum
1350 1226 1653 1279 necessarium,
1683 1236 1764 1278 quo

191 1292 258 1333 τὸν
318 1292 398 1334 ἴσον
454 1294 616 1345 ἀριθμόν
677 1295 865 1351 (totidem)
926 1295 1195 1337 referebatur.
1260 1295 1476 1351 Scriptum
1524 1295 1627 1338 olim
1676 1296 1765 1336 erat

193 1354 387 1414 ΟΤΟΙ-Ῠ,
421 1365 465 1406 id
497 1368 559 1407 est
591 1363 673 1407 οὖσι
708 1366 957 1417 τριακοσίοις.
1013 1366 1139 1408 Vides
1169 1366 1292 1422 plane
1325 1367 1472 1409 eadem
1504 1367 1554 1408 de
1585 1369 1764 1420 utroque

189 1436 372 1482 narrari,
415 1436 486 1477 sed
530 1435 697 1478 Tiberio
728 1450 947 1492 perperam
979 1437 1181 1478 tribuitur
1214 1437 1324 1493 quod
1356 1437 1494 1480 solum
1527 1438 1676 1479 Caium
1707 1436 1765 1479 fe-

190 1507 293 1548 cisse
326 1508 428 1547 satis
462 1510 634 1549 constat.

247 1576 310 1618 De
352 1577 444 1631 ipsa
482 1576 596 1634 lege,
643 1592 723 1633 qua
763 1592 846 1620 non
890 1582 978 1620 erat
1020 1578 1103 1621 alia
1138 1581 1182 1621 in
1215 1579 1474 1635 Semproniis
1504 1580 1672 1636 gravior
1704 1578 1760 1634 ¹),

187 1645 363 1689 mirifice
394 1648 505 1690 inter
537 1662 579 1690 se
611 1651 737 1690 testes
771 1650 1038 1691 dissentiunt.
1087 1650 1316 1692 Plutarcho
1349 1652 1385 1692 si
1417 1651 1519 1705 quid
1555 1650 1765 1693 credimus

187 1718 432 1760 iudicabant
472 1718 690 1761 Senatores
731 1721 825 1760 CCC
869 1734 965 1761 cum
1005 1722 1218 1775 equitibus
1258 1721 1437 1763 totidem
1476 1723 1521 1763 in
1554 1721 1763 1776 amplissi-

186 1802 308 1830 mum
353 1789 542 1831 ordinem
582 1789 796 1832 sublectis.
860 1790 908 1831 In
940 1791 1086 1833 eodem
1121 1805 1256 1834 errore
1289 1796 1480 1834 versatur
1513 1794 1584 1847 qui
1617 1793 1661 1833 in
1692 1791 1763 1833 Li-

186 1860 309 1901 viana
342 1861 517 1914 Epibome
548 1860 624 1901 LX
656 1862 717 1902 ita
747 1861 916 1902 scribit:
949 1862 1020 1910 „C.
1058 1863 1257 1903 Gracchus
1285 1887 1339 1893 —
1369 1863 1487 1915 leyem
1515 1863 1609 1904 tulit
1636 1887 1690 1893 —
1719 1866 1763 1903 ut

184 1934 356 1973 sexcenti
396 1946 442 1972 eae
474 1931 667 1986 equitibus
696 1931 739 1972 in
777 1932 933 1972 Curiam
965 1933 1278 1984 sableyerentnr,
1314 1938 1349 1974 et
1381 1933 1476 1988 qnia
1508 1933 1593 1974 illis
1624 1938 1762 1987 tempo-

184 2003 294 2043 ribus
341 2007 504 2043 trecenti
550 2007 701 2044 tantam
750 2003 952 2044 Senatores
1000 2008 1136 2053 erant,
1184 2005 1354 2045 sementi
1396 2008 1540 2056 equites
1581 2007 1763 2045 trecentis

187 2074 441 2116 Senator-ibus
484 2075 813 2128 admiscerentur,
858 2073 903 2114 id
942 2078 997 2115 est
1029 2078 1072 2114 ab
1105 2079 1277 2126 equester
1309 2076 1401 2116 ordo
1434 2075 1491 2116 bis
1524 2079 1672 2116 tantum
1704 2078 1762 2116 vi-

183 2145 287 2186 riam
345 2145 387 2186 in
436 2148 584 2186 Senatu
630 2143 825 2185 haberet.''
907 2144 988 2195 Qui
1035 2144 1136 2186 haec
1183 2146 1437 2200 scripserunt
1484 2145 1763 2200 opinabantur

184 2229 410 2257 numerum
454 2214 704 2256 Senatorum
744 2228 831 2255 esse
873 2213 1179 2269 amplificatum
1212 2217 1467 2270 primoribus
1498 2230 1548 2258 ex
1580 2217 1763 2272 equestri

184 2286 329 2328 ordine
373 2286 586 2340 (trecentis
620 2298 671 2326 an
704 2285 926 2339 sexcentis)
958 2286 1002 2325 in
1035 2282 1208 2326 Curiam
1243 2285 1419 2328 allectis.
1482 2287 1577 2329 Non
1607 2288 1764 2329 iniuria

183 2357 376 2398 homines
417 2356 528 2397 docti
573 2354 838 2409 suspicantur
878 2355 1069 2396 confusas
1111 2369 1198 2397 esse
1239 2357 1350 2398 inter
1392 2371 1479 2400 sese
1511 2358 1614 2400 duas
1644 2358 1761 2415 leges

184 2427 362 2469 alteram
404 2425 607 2475 Gracchi,
654 2424 830 2467 alteram
873 2424 988 2467 Livii
1030 2425 1181 2476 Drusi,
1227 2426 1276 2468 de
1318 2441 1400 2482 qua
1440 2429 1499 2470 sic
1541 2430 1759 2485 Appianus

226 2626 262 2670 1)
290 2628 424 2669 Quantis
436 2627 688 2658 contentionibus
700 2627 736 2657 de
750 2637 783 2657 ea
796 2627 862 2667 lege
876 2628 1030 2658 certatum
1043 2627 1084 2658 sit
1097 2627 1233 2658 ostendit
1246 2628 1402 2660 Diodorus
1411 2629 1533 2661 Siculus
1541 2632 1688 2663 XXXIV.
1703 2631 1755 2665 27.

181 2684 405 2718 ἑπτακαίδεκα
440 2686 541 2726 φυλαὶ
575 2686 632 2716 τὸν
667 2687 756 2724 νόμον
791 2683 1039 2725 ἀπεδοκίμαζον,
1074 2684 1173 2717 Ξέλλαι
1200 2685 1234 2717 δὲ
1263 2685 1401 2724 ταύταις
1422 2686 1495 2719 ’ἴσαι
1520 2688 1754 2731 παρεδέχοντο·

181 2750 241 2784 τῆς
268 2745 301 2777 δὲ
329 2745 603 2783 ὀκτωκαιδεκαέτης
632 2744 884 2786 διαριθμουμένης
911 2746 970 2784 μία
1000 2745 1105 2786 ψῆφος
1131 2745 1262 2787 ὑπερῆρε
1287 2751 1351 2778 τῶν
1376 2746 1548 2788 κυρούντων
1573 2750 1628 2780 τόν
1655 2751 1755 2789 νόμον.

183 2806 198 2836 o‘
233 2805 378 2846 Γράκχος
405 2824 448 2827 —
478 2809 521 2847 τῇ
556 2804 714 2847 προσθήκῃ
749 2807 822 2844 μιᾶς
857 2803 986 2844 ’γνώμης
1013 2806 1116 2844 μαθὼν
1143 2804 1257 2837 ἑαυτὸν
1284 2811 1416 2838 νικῶντα
1441 2809 1530 2847 μετα
1556 2811 1661 2849 χαρᾶς
1686 2809 1756 2841 ἀνε-

183 2863 367 2906 φθέγξατο·
410 2866 487 2905 ,,τό
528 2863 645 2906 ξίφος
686 2863 906 2896 ἐπίκειται
944 2867 1035 2901 τοῖς
1074 2863 1278 2907 ἐχθροῖς.”
1319 2878 1451 2908 namque
1482 2868 1557 2898 haec
1587 2869 1624 2899 ad
1659 2868 1759 2910 legem

183 2922 380 2954 iudiciariam
404 2922 565 2954 referenda
589 2931 652 2953 esse
676 2922 707 2952 et
733 2920 815 2952 ratio
840 2921 928 2952 docet
952 2922 983 2952 et
1006 2921 1098 2963 plane
1121 2923 1286 2953 confirmat
1309 2922 1465 2954 Diodorus
1490 2923 1656 2954 XXXVII.
1682 2923 1711 2955 9.

1509 2976 1568 3007 36*
