1946 3298
923 151 1009 196 574

241 276 439 334 Superest
479 278 616 335 igitur
657 277 771 320 solus
801 277 931 320 Duris
963 278 1084 320 testis
1116 280 1159 320 et
1191 279 1335 321 auctor
1365 277 1415 320 de
1446 276 1679 320 Alcibiadis
1710 279 1752 320 et

181 349 377 391 Timaeae
410 348 624 391 amoribus
656 352 697 390 et
731 349 781 390 de
812 348 1152 404 petulantissimo
1184 349 1416 391 Alcibiadis
1448 349 1558 390 dicto
1586 349 1627 389 οὐ
1655 349 1750 399 πρὸς

180 418 293 471 ὕβριν
343 419 425 461 οὐδ’
476 420 546 472 ὑφ’
596 419 732 467 ἡδονῆς
779 426 828 472 τῇ
879 420 1046 474 Τιμαίᾳ
1094 419 1335 473 πλησιάζειν
1382 419 1482 461 ἀλλ’
1529 417 1631 466 ὅπως
1675 421 1752 461 τῶν

181 494 452 542 Σπαρτιατῶν
495 489 809 539 βασιλεύσουσιν
848 489 879 531 οἱ
913 490 956 540 ἐξ
988 489 1134 531 ἐκείνου
1169 488 1411 544 γεγονότες,
1443 503 1526 531 11011
1558 493 1620 531 est
1650 490 1753 532 haec

178 562 268 603 sani
303 565 344 603 et
373 561 501 602 sobrii
533 560 716 602 hominis
748 562 892 602 oratio,
943 560 1028 601 Ubi
1059 563 1201 602 autem
1228 561 1306 602 hoc
1332 558 1458 602 iecit?
1499 557 1752 614 Spartaene?

179 633 272 686 quis
304 629 471 672 credat?
505 644 556 672 an
587 632 631 672 in
663 630 779 673 Ionia
811 631 922 685 apud
954 629 1212 672 exercitum?
1245 632 1375 672 etiam
1406 631 1560 671 minus.
1606 629 1752 671 Restat

178 705 226 743 ut
258 715 466 757 nusquam
497 703 558 742 ita
590 701 763 749 dixerit,
800 701 927 756 idque
959 703 1130 756 propius
1161 715 1259 743 vero
1292 704 1368 742 est.

240 771 377 824 Quam
421 773 559 815 futilis
602 775 723 815 testis
767 776 807 815 et
847 773 1029 815 mendax
1061 773 1188 814 Duris
1220 773 1350 815 fuerit
1381 771 1635 813 Plutarchus
1665 771 1754 826 ipse

178 843 416 885 luculenter
459 844 655 886 declarat.
719 844 767 885 In
813 845 903 886 vita
941 843 1166 885 Alcibiadis
1211 843 1280 885 12.
1326 841 1364 886 7.
1410 837 1438 884 ἃ
1481 841 1521 883 δὲ
1560 844 1702 893 Δοῦρις
1736 840 1752 881 ὃ

180 913 337 964 Σάμιος
372 914 642 965 Ἀλκιβιάδου
676 914 848 967 φάσκων
880 914 1082 964 άπόγονος
1115 911 1216 956 εἶναι
1251 913 1480 966 προστίθησι
1515 913 1668 959 τούτοις
1698 935 1754 942 —-

180 985 270 1027 οὔτε
316 984 560 1035 Θεόπομπος
603 985 685 1027 οὔτ’
725 987 902 1036 ’Έφορος
948 986 1039 1027 οὔτε
1074 989 1252 1038 Ξενοφῶν
1287 985 1502 1038 γέγραφεν
1535 983 1618 1026 οὔτ’
1651 981 1753 1028 εἰκὸς

180 1054 237 1103 ἦν.
303 1055 422 1107 Quod
463 1070 505 1097 se
549 1056 657 1097 dixit
705 1055 974 1106 Ἀλκιβιάδου
1021 1055 1222 1106 άπόγονον
1271 1053 1371 1097 εἶναι
1419 1069 1501 1098 non
1549 1054 1755 1110 cogitavit

177 1129 346 1183 ineptus
388 1128 449 1168 ita
482 1141 524 1169 se
558 1130 630 1169 aut
664 1140 793 1169 avum
826 1140 951 1168 suum
986 1130 1058 1168 aut
1091 1129 1230 1169 aviam
1264 1142 1314 1169 ex
1347 1126 1579 1169 Alcibiadis
1611 1131 1755 1179 stupro

179 1200 369 1255 genitam
415 1212 502 1239 esse
543 1198 679 1239 fateri.
744 1197 951 1239 Similiter
992 1199 1037 1239 in
1082 1198 1240 1240 Pericle
1284 1197 1351 1240 28.
1403 1198 1442 1239 5.
1489 1199 1628 1247 Δοῦρις
1671 1193 1754 1235 δ’ὁ

183 1268 339 1320 Σάμιος
383 1270 537 1315 τούτοις
581 1267 855 1321 ἐπιτραγῳδεῖ
894 1269 1048 1316 πολλὴν
1093 1268 1286 1318 ὠμότητα
1325 1272 1400 1309 τῶν
1435 1266 1654 1315 Ἀθηναίων
1687 1264 1754 1305 καὶ

180 1344 251 1382 τοῦ
312 1339 549 1392 Περικλέους
608 1343 861 1390 κατηγορῶν,
925 1332 968 1385 ἣν
1015 1339 1106 1381 οὔτε
1156 1339 1397 1386 Θουκυδίδης
1447 1338 1624 1389 ἱςόρηκεν
1671 1335 1754 1378 οὔτ’

175 1414 353 1463 Ἔφορος
387 1410 469 1453 οὔτ’
504 1410 784 1461 Ἀριςοτέλης,
815 1410 915 1451 άλλ’
942 1409 1024 1451 οὐδ’
1049 1411 1257 1458 άληθεύειν
1287 1409 1423 1451 ἔοικεν.
1466 1409 1560 1451 Non
1586 1408 1758 1450 obscure

179 1486 357 1537 utroque
408 1482 499 1523 loco
548 1495 675 1536 quam
722 1480 831 1522 nihil
875 1481 1040 1522 homini
1087 1470 1228 1523 credat
1276 1479 1469 1522 ostendit.
1549 1478 1757 1521 Disertius

180 1556 310 1597 etiam
342 1555 387 1595 in
418 1553 575 1595 Pericle
606 1551 676 1593 28.
715 1551 783 1594 12.
821 1555 961 1602 Δοῦρις
998 1576 1054 1582 -
1088 1551 1167 1593 οὐδ’
1202 1548 1298 1592 ὅπου
1332 1551 1455 1600 μηδὲν
1489 1551 1599 1602 αὐτῷ
1633 1547 1754 1600 πρόσ-

177 1642 258 1670 εςιν
304 1625 396 1666 ἴδιον
441 1623 567 1669 πάθος
611 1622 718 1665 εἴωθε
762 1627 922 1674 κρατεῖν
964 1625 1035 1670 την
1077 1623 1263 1672 διήγησιν
1308 1622 1373 1664 ἐπὶ
1425 1626 1496 1669 τῆς
1546 1620 1755 1669 άληθείας.

177 1695 467 1739 Nihilominus
510 1693 766 1736 Plutarchus
808 1695 896 1735 sine
941 1695 1027 1735 acri
1063 1693 1228 1736 delectu
1260 1697 1388 1735 testes
1419 1693 1622 1749 colligens
1654 1691 1757 1734 alibi

174 1767 347 1809 Duridis
381 1766 623 1808 testimonia
655 1779 753 1806 cum
785 1764 1072 1821 Thucydideis
1106 1766 1335 1820 componit.

235 1926 396 1984 Agesil.
441 1924 482 1967 3.
531 1922 600 1966 35.
636 1923 851 1979 Aqesilaus
882 1924 1035 1965 dicebat
1068 1924 1136 1965 καὶ
1175 1925 1239 1966 τὸν
1274 1925 1448 1967 Ποσειδῶ
1481 1940 1755 1977 καταμαρτυ-

174 2005 253 2051 ρεῖν
296 2001 365 2040 τοῦ
409 1995 672 2049 Λεωτυχίδου
716 1996 787 2042 την
833 1995 1018 2061 volema„
1062 1995 1340 2038 Restituenda
1376 2001 1499 2039 vetus
1531 1996 1657 2038 lectio
1689 1998 1756 2038 τὸν

1272 2065 1291 2082 ω

1001 2063 1019 2079 ω

174 2097 415 2139 Ποσειδῶνά.
479 2094 749 2136 Scribebatur
781 2092 848 2134 τὸν
882 2093 1039 2143 ποσειδ,
1073 2097 1122 2135 ut
1154 2092 1321 2148 άπόλλ,
1355 2095 1465 2137 1111ᾶο
1493 2099 1618 2136 natus
1645 2109 1757 2137 error

173 2182 255 2210 non
287 2168 525 2221 infrequens
556 2167 600 2206 in
630 2164 765 2206 libris.
826 2164 889 2206 Ne
921 2165 1055 2205 Attici
1088 2164 1259 2219 quidem
1292 2165 1350 2207 sic
1384 2166 1576 2208 dicebant
1603 2167 1687 2208 ni3i
1712 2167 1756 2207 in

174 2237 440 2280 iureiurando
474 2237 516 2285 νη
549 2235 616 2277 τὸν
655 2234 857 2283 Ποσειδῶ,
893 2234 957 2284 μά
990 2234 1056 2276 τὸν
1093 2235 1301 2277 Ἀπόλλω.

236 2398 396 2455 Agesil.
443 2395 481 2438 6.
529 2395 599 2438 35.
645 2394 711 2435 καὶ
760 2393 1011 2447 καταςέψας
1056 2393 1211 2448 ἔλαφον
1251 2394 1458 2436 ἐκέλευσεν
1492 2394 1754 2448 άπάρξασθαι

175 2470 242 2512 τὸν
287 2469 431 2510 ἑαυτοῦ
476 2465 646 2516 μάντιν,
692 2466 770 2517 οὐχ
813 2463 983 2516 “ssew-sp
1028 2466 1147 2507 εἰώθει
1181 2469 1298 2507 τοῦτο
1331 2471 1456 2508 ποιεῖν
1489 2468 1537 2508 Ὁ
1574 2466 1648 2508 ὑπὸ
1681 2471 1757 2508 τῶν

176 2543 350 2582 Βοιωτῶν
398 2536 668 2587 τεταγμένος.
734 2534 906 2578 Soloeca
951 2537 1053 2578 haec
1100 2537 1326 2579 verborum
1375 2538 1623 2593 compositio
1670 2541 1754 2580 est:

177 2611 311 2654 deleto
355 2607 531 2651 articulo
569 2606 880 2662 reponendum:
913 2605 1072 2657 Ὅσπερ
1107 2608 1228 2649 εἰώθει
1262 2611 1377 2649 τοῦτο
1412 2613 1539 2649 ποιεῖν
1574 2607 1648 2649 ὑπὸ
1681 2612 1756 2649 τῶν

177 2684 352 2724 Βοιωτῶν
383 2676 652 2727 τεταγμένος.

238 2751 358 2804 Quod
390 2750 604 2804 sequitur:
641 2748 673 2788 οἱ
707 2746 964 2799 Βοιωτάρχαι
999 2748 1093 2799 πρὸς
1121 2749 1241 2799 ὀργὴν
1275 2748 1530 2803 [κινηθέντες]
1561 2748 1757 2801 ἔπεμψαν

178 2821 378 2874 ὑπηρέτας
423 2816 750 2868 άπαγορεύοντες
795 2818 849 2868 τῷ
895 2817 1138 2870 Ἀγησιλάῳ
1180 2819 1237 2868 μη
1285 2819 1399 2860 θύειν.
1462 2819 1614 2861 Nescio
1663 2822 1756 2875 quis

178 2907 311 2950 quum
352 2890 483 2934 vellet
524 2889 792 2944 interpretari
834 2888 936 2943 quid
979 2893 1086 2932 esset
1124 2889 1218 2942 πρὸς
1251 2890 1370 2941 ὀργήν
1403 2889 1453 2930 de
1486 2903 1560 2932 suo
1594 2890 1758 2933 addidit
