1946 3298
903 147 989 191 465

219 273 320 318 Sero
352 274 441 318 nati
471 274 672 331 poetastri
702 275 762 318 sic
792 274 838 318 in
868 274 1040 333 linguae
1073 276 1226 320 veteris
1257 290 1383 322 usum
1414 277 1652 334 peccabant.

217 430 279 460 vs.
316 412 387 458 14.

340 484 436 537 μηδ’
469 485 675 537 οέλογίςως
709 487 858 530 σαυτὸν
890 485 1003 540 ἔχειν
1034 487 1119 540 περὶ
1151 489 1273 539 μηδὲν
1305 489 1426 542 ἔθιζε,

339 556 454 599 ἄλλα
488 557 607 608 γνῶθι
639 558 714 608 μὲν
746 559 795 605 ὡς
829 557 977 601 θανέειν
1005 557 1215 611 πέπρωται
1246 559 1426 616 ἅπασιν,

338 628 542 680 χρήματα
575 627 608 670 δ’
641 627 795 670 ἄλλοτε
827 629 905 679 μὲν
936 630 1112 672 κτᾶσθαι
1142 634 1280 686 Φιλεῖ,
1315 630 1461 674 ἄλλοτ’
1490 631 1666 675 ὀλέσθαι.

157 699 202 741 in
233 697 299 740 his
330 696 405 748 μέν
437 700 578 754 inepte
609 700 833 741 traiectum
864 699 1006 750 vides,
1048 713 1229 756 namque
1264 704 1470 745 sententia
1501 704 1724 746 manifesto

157 768 258 810 haec
290 771 374 811 est:
410 770 527 819 γνῶθι
561 770 611 816 ὦς
646 769 793 811 θανέειν
825 776 950 811 ΜΕΝ
983 769 1117 813 ἅπασι
1151 771 1382 824 πέπρωται,
1416 775 1622 826 χρήματα
1651 780 1724 816 ΔΘ

157 839 241 880 κτὲ.
303 837 397 881 Hac
439 842 528 881 tam
570 840 723 882 vitiosa
756 842 1055 896 compositione
1088 843 1296 897 sequiores
1326 846 1495 886 tantum
1526 844 1727 900 poetastri

156 910 357 960 utuntur,
391 922 514 952 verus
546 912 667 965 poeta
698 923 781 952 non
811 911 959 953 utitur.
1023 911 1093 954 Sic
1123 913 1168 954 in
1198 913 1517 957 Anacreonteis:

546 979 664 1033 κέρας
697 980 891 1032 οὲβλαβὲς
925 987 1048 1024 ΜΕΝ
1082 982 1165 1033 ε’ςι,

547 1049 596 1093 σὺ
629 1050 669 1093 δὲ
702 1051 865 1104 καρδίην
900 1052 1102 1103 πονήσεις.

156 1133 230 1177 pro
263 1119 379 1175 κέρας
402 1121 487 1175 νμὲν
519 1147 576 1155 -
609 1120 658 1164 σὺ
693 1112 758 1166 δέ.Υ

215 1276 277 1306 vs.
310 1262 382 1306 25.

337 1333 476 1385 μηδεὶς
509 1335 616 1385 μήτε
649 1335 760 1388 λόγῳ
794 1352 838 1378 σε
873 1336 1051 1391 παρείπῃ
1083 1338 1189 1388 μήτε
1222 1354 1260 1380 τι
1295 1336 1395 1391 ἔργῳ

336 1405 484 1458 πρῆξαι
519 1406 613 1456 μηδ’
647 1407 774 1449 εἰπεῖν
807 1403 850 1458 δ’,
887 1424 925 1450 τι
958 1423 1017 1449 τοι
1049 1407 1107 1458 μὴ
1138 1407 1331 1461 βέλτερόν
1363 1409 1437 1454 ἐςι.

335 1475 531 1526 βουλεύου
563 1476 604 1518 δὲ
637 1476 709 1530 πρὸ
743 1475 857 1530 ἔργου
892 1475 996 1525 ὅπως
1029 1479 1086 1529 μὴ
1120 1483 1233 1531 μῶρα
1268 1479 1459 1528 πέληται.

214 1547 411 1589 Primum
454 1548 620 1590 fatuum
666 1551 935 1604 praeceptum
980 1551 1065 1591 est:
1110 1564 1201 1591 eave
1242 1549 1450 1605 quidquam
1494 1555 1563 1592 aut
1582 1552 1727 1607 facias

155 1621 225 1659 aut
255 1617 364 1659 dieas
394 1619 499 1674 quod
527 1618 600 1660 tibi
623 1633 700 1660 non
717 1619 871 1672 prosim
903 1633 1001 1661 nam
1026 1619 1105 1661 hoc
1133 1620 1304 1675 quidem
1330 1635 1453 1663 nemo
1479 1622 1727 1665 mortalium

153 1688 309 1743 nescit,
352 1688 423 1730 sed
465 1689 568 1745 quid
609 1690 759 1744 cuique
800 1691 932 1744 prosit
964 1688 1172 1745 (βέλτερόν
1205 1690 1309 1743 ε’ςιν,
1344 1691 1388 1733 id
1418 1695 1479 1733 est
1510 1692 1725 1750 συμφέρει)

154 1772 310 1816 magna
351 1761 538 1814 quaestio
578 1763 653 1802 est.
717 1760 811 1802 Iure
841 1761 1024 1817 negabat
1055 1775 1179 1803 verus
1211 1761 1476 1819 Pythagoras
1508 1762 1725 1819 plerosque

154 1828 344 1872 homines
385 1831 488 1872 scire
532 1831 632 1885 quid
677 1833 783 1873 esset
815 1844 836 1872 e
864 1845 908 1872 re
951 1844 1035 1873 sua.
1101 1831 1311 1889 Diogenes
1353 1831 1492 1875 Laert.
1532 1832 1646 1877 VIII.
1684 1834 1724 1879 9.

154 1901 223 1942 οὐκ
266 1900 312 1955 ἐᾷ
360 1900 639 1957 (Psslmyorac)
683 1899 876 1952 εὔχεσθαι
925 1901 1019 1955 ὑπὲρ
1053 1902 1204 1944 ἑαυτῶν
1236 1902 1303 1944 δια
1335 1903 1379 1944 τὸ
1412 1904 1469 1952 μὴ
1504 1903 1644 1946 εἰδέναι
1678 1905 1723 1948 τὸ

154 1970 372 2023 συμφέρον.
438 1970 483 2013 In
524 1971 695 2014 eandem
740 1972 991 2014 sententiam
1035 1971 1224 2015 Socrates
1256 1974 1301 2014 in
1334 1973 1657 2017 Memorabilibus
1688 1976 1721 2020 Ι.

155 2040 193 2083 3.
230 2041 271 2085 2.
304 2041 373 2083 καὶ
408 2041 560 2094 ηὔχετο
595 2041 633 2084 δὲ
669 2041 763 2093 πρὸς
807 2042 898 2089 τοὺς
945 2043 1051 2089 θεοὺς
1093 2043 1234 2091 οὲπλῶς
1277 2043 1450 2094 τοέγαθοὶ
1495 2043 1641 2089 διδόναι
1673 2049 1724 2095 ὡς

153 2113 244 2159 τοὺς
279 2112 385 2158 θεοὺς
419 2111 603 2156 καλλιςα
638 2112 795 2160 εἰδότας
830 2114 949 2156 ὁποῖα
982 2113 1126 2165 οὶγαθοέ
1156 2114 1248 2159 ε’ςιν.
1276 2117 1317 2156 et
1342 2115 1524 2157 incertus
1541 2118 1724 2171 poetain

155 2182 377 2240 (Platonis)
410 2183 617 2225 Alcibiade
647 2183 703 2225 II.
738 2197 834 2241 pag.
872 2183 957 2226 143
977 2200 1013 2226 a.

245 2256 321 2295 Ζεῦ
354 2254 554 2305 βασιλεῦ,
591 2253 646 2296 τοὶ
680 2254 753 2304 μὲν
787 2254 912 2297 ἐσθλοὶ
947 2255 1014 2297 καὶ
1050 2253 1282 2307 εὐχομένοις
1316 2254 1384 2297 καὶ
1417 2255 1622 2304 οένεύκτοις

241 2323 353 2375 ἄμμι
387 2324 517 2375 δίδου,
551 2324 607 2366 τοὶ
640 2324 679 2366 δὲ
712 2324 849 2376 λυγροὶ
882 2325 948 2367 καὶ
983 2325 1216 2378 εὐχομένοις
1252 2324 1490 2376 οἷπαλέξειν.

212 2396 348 2449 Quam
390 2394 528 2438 multo
570 2396 672 2438 haec
715 2396 877 2438 saniora
915 2399 1012 2438 sunt
1044 2410 1169 2451 quam
1202 2409 1306 2452 quae
1337 2409 1410 2452 pro
1442 2396 1724 2456 Pythagoreis

151 2467 503 2510 circumferuntur
518 2464 526 2508 1

209 2538 431 2580 Praeterea
471 2538 515 2579 in
556 2540 645 2580 tam
676 2538 795 2581 brevi
828 2538 1010 2581 carmine
1039 2537 1153 2580 idem
1185 2537 1460 2596 frigidissime
1492 2542 1557 2583 ter
1587 2539 1720 2584 incul-

150 2610 268 2652 catur
297 2621 358 2652 VS.
394 2606 466 2651 2¹7.

139 2702 141 2705 v
328 2678 526 2731 βουλεύου
560 2677 599 2720 δὲ
633 2677 706 2732 πρὸ
740 2676 856 2732 ἔργου
888 2676 992 2726 ὅπως
1025 2680 1082 2731 μὴ
1115 2682 1230 2733 μῶρα
1262 2677 1451 2730 πέληται.

151 2752 192 2792 et
221 2763 284 2793 vs.
321 2748 390 2793 39.

239 2826 392 2873 πρῆσσε
426 2820 467 2864 δὲ
497 2821 613 2864 ταῦθ’
647 2818 676 2864 οἵ
708 2837 752 2864 σε
786 2821 844 2873 μὴ
877 2820 1064 2876 βλάψει,
1097 2821 1264 2875 λόγισαι
1297 2821 1338 2866 δὲ
1370 2823 1442 2877 πρὸ
1475 2820 1606 2877 ἔργου.

151 2894 192 2935 et
222 2905 283 2936 vs.
320 2890 391 2935 14.

341 2975 372 3007 11
1485 2963 1527 2994 30
