1946 3298
1024 156 1079 200 80

269 284 568 340 suspendatur,
603 285 722 325 cuius
752 285 865 339 prior
894 298 989 339 pars
1022 282 1201 325 affirmet
1233 283 1363 325 altera
1394 287 1546 340 neget,
1580 286 1629 325 ut
1659 284 1704 324 in
1737 282 1839 326 cele-

266 355 386 397 brato
427 354 517 397 1000
558 354 853 397 Demosthenis
889 356 936 395 de
972 355 1127 396 Corona
1157 367 1253 410 pag.
1288 353 1390 396 288.
1426 362 1496 396 OT
1506 360 1536 395 K
1570 351 1680 394 εἶπον
1711 359 1838 395 ΜΕΝ
1907 413 1910 415 Δ

266 428 404 466 ταῦτα
436 427 505 466 οὐκ
539 425 709 476 ἔγραψα
744 431 841 479 ΔΕ,
875 425 953 465 οὐδ’
986 423 1154 474 ἔγραψα
1187 424 1260 472 μὲν
1293 425 1362 465 οὐκ
1396 425 1650 475 ἐπρέσβευσα
1685 424 1724 465 δὲ
1756 424 1837 465 οὐδ’

268 496 525 547 ἐπρέσβευσα
559 497 633 546 μὲν
666 498 733 538 ούκ
768 495 911 537 ἔπεισα
944 496 984 536 δὲ
1019 494 1241 544 Θηβαίους.
1291 494 1483 536 Multum
1515 494 1594 536 Dio
1620 495 1699 536 hae
1727 508 1836 536 com·

264 568 484 623 positionis
525 567 659 609 forma
701 566 932 608 delectatur
973 579 1018 606 ac
1063 578 1183 619 saepe
1223 566 1371 606 utitur.
1413 565 1499 607 vid.
1530 579 1624 621 pag.
1661 564 1759 606 242.
1794 566 1835 606 οὐ

265 639 347 688 γὰρ
389 638 421 678 εἶ
465 638 539 686 μὲν
564 662 617 668 -
647 637 725 677 νυνὶ
767 635 822 677 δέ.
863 650 958 691 pag.
994 634 1093 676 335.
1128 636 1169 675 οὐ
1205 635 1286 685 γαρ
1317 635 1380 675 ἐπὶ
1416 634 1556 683 Θησέα
1590 635 1663 685 μὲν
1690 659 1744 665 -—
1771 635 1835 676 ἐπὶ

265 708 305 750 δὲ
350 707 613 758 Ἀλέξανδρον
655 707 710 748 οὔ.
753 720 850 762 pag.
894 705 992 747 668.
1037 706 1078 746 οὐ
1119 705 1200 756 γαρ
1234 706 1350 754 ὑμεῖς
1382 706 1455 755 μὲν
1479 731 1533 736 -
1559 705 1673 747 αὐτοὶ
1707 705 1762 746 δέ.
1797 709 1838 748 et

266 777 367 820 697.
407 779 448 819 οὐ
493 778 574 829 γαρ
617 778 686 818 εὀὶν
727 777 801 826 μὲν
844 776 888 816 τὸ
932 780 1052 822 σῶμα
1077 800 1133 806 —
1158 781 1229 823 τῆς
1272 775 1312 816 δὲ
1353 779 1510 826 ψυχῆς.
1554 779 1595 817 et
1626 775 1746 817 Tom.
1781 775 1834 817 H.

262 863 361 905 pag.
393 847 493 889 209.
526 849 567 889 οὐ
598 848 679 899 γοὶρ
715 848 758 894 δη
791 848 844 898 τῷ
879 847 952 896 μὲν
984 845 1182 887 Ὀδυσσεῖ
1203 870 1257 876 -
1284 846 1357 895 ἐμὲ
1390 847 1430 887 δὲ
1464 847 1531 887 οὐκ
1565 843 1607 893 ἦν
1641 846 1766 896 εἰκός,
1794 850 1836 888 et

264 919 383 962 Tom.
426 918 478 959 Π.
524 932 621 974 pag.
663 917 766 959 265.
811 917 903 968 οὐχὶ
948 921 1030 962 τοῖς
1073 917 1146 964 μὲν
1190 917 1361 966 ἐφήβοις
1387 921 1549 963 -τοῖς
1593 916 1633 957 δὲ
1667 916 1834 963 τελείοις

263 991 335 1040 μή.
379 992 421 1031 et
457 988 575 1031 Tom.
619 988 672 1030 II.
706 1002 802 1045 pag.
837 987 937 1029 211.
972 988 1052 1039 οὐχ
1085 989 1103 1028 ὁ
1135 987 1208 1036 μὲν
1243 987 1365 1036 δῆμος
1400 987 1513 1036 ὑμεῖς
1549 986 1835 1036 ἐπεθυμήσατε

262 1065 338 1102 τῶν
382 1058 528 1112 ἔργων,
573 1063 648 1100 τῶν
692 1060 722 1100 δ’
758 1060 795 1099 ἐν
828 1059 936 1099 τέλει
969 1074 1031 1103 τις
1064 1059 1255 1099 οΞντεῖπεν
1286 1056 1368 1099 οὐδ’
1404 1058 1571 1099 οέντεῖπε
1604 1058 1678 1108 μὲν
1709 1058 1833 1105 οὐδεὶς

263 1132 304 1173 οὐ
337 1131 415 1180 μην
448 1130 766 1182 προθυμούμενος
798 1129 929 1181 εὑρέθη
965 1129 1080 1170 ἀλλὰ
1114 1128 1266 1174 παντες
1300 1129 1383 1169 κτὲ.
1448 1128 1593 1183 Itaque
1626 1128 1744 1170 Tom.
1779 1129 1831 1171 II.

261 1216 357 1258 pag.
403 1201 473 1243 44.
520 1203 559 1242 οὐ
604 1206 729 1242 ΜΕΝ
774 1200 856 1252 γαρ
897 1199 946 1241 ἄν
979 1215 1038 1245 τις
1074 1199 1303 1251 καταβαλη
1334 1202 1603 1244 πεντακοσίας
1638 1200 1833 1251 δραχμὰς

263 1272 429 1314 δύναται
466 1277 603 1323 φιλεῖν
646 1272 753 1321 ὑμᾶς
779 1296 855 1325 --,
890 1272 920 1312 εἶ
967 1276 1041 1311 ΔΕ
1073 1286 1131 1317 τις
1166 1270 1286 1316 πένης
1321 1271 1399 1322 οὐχ
1432 1267 1507 1316 οἷός
1544 1271 1622 1313 ἐςιν
1655 1271 1833 1320 οέγαποῖν

261 1343 332 1389 την
375 1342 491 1384 πόλιν
533 1342 807 1384 manifestum
840 1347 902 1384 est
934 1341 1007 1391 μέν
1040 1343 1098 1383 sio
1130 1342 1344 1396 transponi
1376 1345 1563 1396 oportere
1595 1342 1635 1383 οὐ
1669 1341 1751 1393 γαρ
1785 1340 1834 1382 ἂν

259 1419 384 1455 ΜΕΝ
428 1431 502 1461 τις.
568 1413 733 1455 Similis
774 1413 874 1454 huic
917 1413 1052 1454 forma
1095 1415 1156 1454 est
1192 1413 1249 1461 μη
1283 1411 1364 1463 γαρ
1398 1410 1523 1452 οἴεσθε
1546 1436 1603 1442 —-
1628 1417 1753 1454 ΜΕΝ
1778 1437 1832 1443 --

261 1491 354 1534 ΔΕ,
398 1488 446 1526 ut
486 1499 581 1541 pag.
626 1484 726 1527 ¹701.
772 1485 829 1534 μη
872 1484 954 1535 γαρ
994 1483 1118 1525 οἴεσθε
1154 1483 1271 1532 ’ὑμᾶς
1314 1483 1389 1532 μὲν
1416 1482 1666 1528 -ἐκείνους
1709 1482 1763 1524 δέ.
1793 1486 1835 1525 et

259 1556 377 1598 Tom.
420 1555 474 1597 Π.
515 1570 610 1612 pag.
658 1554 698 1596 8.
746 1557 801 1604 μη
845 1551 909 1596 οὖν
952 1554 1077 1596 οἴεσθε
1120 1553 1324 1605 ςρατηγὸν
1369 1554 1442 1603 μὲν
1467 1554 1666 1595 -πόλιν
1706 1554 1759 1596 δέ.
1793 1558 1836 1597 et

260 1626 380 1669 Tom.
423 1626 476 1667 II.
519 1640 614 1682 pag.
661 1625 731 1667 26.
775 1627 831 1674 μη
866 1625 949 1678 γοὶρ
983 1625 1107 1667 οἴεσθε
1141 1626 1370 1674 αὐλήματα
1405 1625 1478 1674 μὲν
1501 1650 1554 1655 -
1581 1626 1742 1673 κτήσεις
1777 1624 1831 1667 δέ.

259 1702 300 1740 et
335 1697 453 1739 Tom.
499 1696 551 1738 Π.
593 1711 688 1753 pag.
737 1696 806 1738 34.
850 1697 907 1745 μη
951 1697 1033 1747 γαρ
1077 1697 1200 1738 οἴεσθε
1242 1696 1384 1742 οέετοὺς
1429 1697 1502 1745 μὲν
1528 1721 1581 1726 -
1609 1695 1734 1747 ἄνδρα
1767 1695 1832 1750 δέ,

259 1782 392 1823 neque
435 1768 535 1809 adeo
577 1773 638 1809 est
678 1767 767 1809 ulla
810 1768 1018 1809 dubitatio
1063 1769 1165 1822 quin
1205 1772 1345 1809 nostro
1387 1767 1477 1809 1000
1509 1767 1582 1816 μέν
1614 1781 1687 1822 pro
1717 1767 1832 1817 μόνον

258 1841 314 1880 sit
360 1838 692 1881 emendandum:
740 1838 992 1887 κοιμωμένων
1029 1844 1153 1879 ΜΕΝ
1180 1838 1532 1889 -ἐγρηγορότων
1566 1844 1651 1879 ΔΕ.
1715 1837 1833 1880 Idem

258 1923 369 1952 error
411 1910 658 1950 commissus
701 1913 787 1951 erat
831 1909 950 1950 Tom.
994 1909 1046 1950 Π.
1089 1924 1186 1966 pag.
1233 1908 1332 1950 332.
1372 1906 1398 1949 ὦ
1433 1915 1515 1950 παῖ
1543 1910 1834 1960 Μνησαρχίδου

259 1980 534 2035 (Euripides),
595 1981 757 2026 ποιητὴς
818 1985 1031 2021 ΜΟΝΟΝ
1082 1976 1206 2027 ήσθα,
1255 1980 1380 2031 σοφὸς
1428 1980 1460 2021 δ’
1507 1981 1713 2034 οὐδαμῶς,
1763 1980 1833 2022 sed

257 2051 557 2093 Valckenarius
590 2052 748 2105 optime
781 2056 905 2092 ΜΕΝ
939 2052 1130 2092 correxit.
1192 2050 1352 2092 Iterum
1386 2056 1508 2092 ΜΕΝ
1543 2050 1633 2093 1000
1665 2054 1832 2092 motum

259 2125 320 2164 est
363 2121 480 2162 Tom.
522 2119 574 2161 ΙΙ.
618 2134 729 2176 pag.>
761 2120 856 2161 102.
926 2120 1062 2161 Σόλων
1103 2127 1228 2163 ΜΕΝ
1273 2121 1311 2161 ἐν
1356 2121 1521 2173 Κορίνθῳ
1560 2120 1728 2173 φεύγων
1761 2122 1832 2168 την

258 2190 523 2242 Πεισιςροὲτου
566 2190 800 2241 τυραννίδα,
835 2192 876 2232 οὐ
911 2190 1076 2243 φεύγων
1113 2198 1186 2233 ΔΕ
1218 2193 1289 2239 την
1323 2191 1578 2244 Περιάνδρου,
1611 2191 1732 2234 facile
1764 2206 1833 2247 ap-

256 2266 374 2318 paret
406 2261 479 2312 μέν
512 2265 605 2316 post
638 2261 803 2313 φεύγων
837 2275 924 2303 esse
955 2262 1325 2317 transponendum.

317 2400 421 2457 Pag.
472 2399 570 2441 661.
620 2400 652 2440 οἱ
698 2399 737 2441 δὲ
773 2426 828 2430 -
862 2400 1065 2449 μηδέποτε
1114 2404 1375 2453 σωφρονοῦντι
1425 2400 1534 2454 λόγῳ
1580 2401 1656 2448 τοὶς
1706 2401 1832 2447 οέκοας

259 2471 481 2524 ὑπέχοντες
526 2471 747 2522 ὁλοκλήρως
792 2469 931 2512 ἄθλιοι.
995 2471 1247 2514 Mendosum
1292 2476 1353 2514 est
1395 2476 1681 2526 σωφρονοῦντι,
1714 2486 1832 2514 nam-

258 2556 336 2598 que
379 2542 395 2583 ὂ
437 2540 560 2591 λόγος
604 2542 672 2582 οὐκ
714 2542 834 2587 αὐτὸς
879 2546 1094 2592 σωφρονεῖ,
1139 2543 1230 2588 τοὺς
1273 2543 1313 2583 δὲ
1357 2542 1576 2593 ἀνθρώπους
1618 2547 1833 2594 σωφρονεῖν

259 2618 374 2654 ποιεῖ.
442 2611 534 2652 Una
576 2613 712 2652 tenuis
752 2611 923 2653 literula
965 2612 1107 2654 addita
1150 2613 1313 2654 sanabit
1350 2613 1526 2654 malum.
1594 2612 1724 2655 Sorib.
1760 2630 1832 2654 σω-

259 2685 504 2736 φρονΙοῦντι,
537 2681 891 2736 quemadmodum
925 2696 1044 2736 saepe
1078 2683 1233 2724 διοικεῖν
1259 2709 1311 2714 -
1337 2683 1507 2725 διοικιεῖν
1541 2683 1710 2725 confusa
1735 2688 1833 2726 sunt

257 2758 298 2796 et
341 2753 512 2794 δειπνεῖν
539 2752 826 2806 -δειπνιεῖν,
869 2758 1060 2794 πλουτεῖν
1088 2779 1141 2787 ι-
1168 2760 1396 2807 πλουτιεῖν,
1441 2755 1499 2795 sio
1538 2756 1668 2796 rarior
1699 2754 1832 2796 futuri

257 2826 393 2867 forma
448 2827 489 2865 et
548 2837 626 2864 usu
674 2826 840 2865 exemta
886 2827 1117 2876 σωφρονιεῖν
1163 2826 1208 2865 in
1256 2824 1432 2880 vulgare
1478 2829 1690 2877 σωφρονεῖν
1740 2838 1832 2867 con-

257 2908 377 2938 versa
407 2896 481 2937 est.
