1946 3298
967 143 1024 186 88

209 273 391 314 correcta
436 275 534 313 sunt
579 273 628 313 ut
674 273 875 328 augerent
921 270 1135 312 morbum.
1199 267 1351 310 Editur
1398 269 1512 310 enim
1557 279 1688 309 nunc:
1737 264 1780 316 ἧς

210 343 398 385 οὐδέποτε
443 343 533 390 τοὺς
573 341 850 393 γευσαμένους
896 341 1238 391 ἐμπίμπλασθαι,
1285 343 1334 380 ut
1371 340 1621 396 hydropicos
1652 354 1703 380 ex
1735 352 1782 380 eo

208 420 314 471 potu
353 414 483 456 factos
525 418 660 469 putes.
724 411 930 467 Corrupta
972 415 1033 453 est
1074 412 1210 466 prima
1253 409 1423 451 literula
1463 412 1508 450 in
1537 410 1782 451 Γεύσασθαι.

209 485 331 528 Nihil
371 484 673 541 propemodum
714 486 758 524 in
799 483 919 524 libris
963 483 1142 524 vetustis
1177 480 1373 521 differunt
1403 487 1430 521 Γ
1467 485 1509 522 et
1541 487 1599 529 T,
1635 481 1782 522 deinde

211 558 304 611 quis
335 570 416 598 non
447 557 644 597 meminit
675 556 834 608 quoties
867 559 902 593 T
937 556 978 594 et
1010 559 1047 593 Ψ
1082 552 1132 593 ob
1165 551 1345 592 formam
1379 551 1648 592 simillimam
1673 553 1784 593 inter

207 640 250 668 se
292 627 462 668 confusa
501 624 700 667 mirificos
740 637 895 665 errores
939 624 1195 678 pepererint,
1231 625 1279 662 ut
1316 621 1425 676 apud
1457 620 1632 663 Suidam
1664 624 1709 662 in
1740 636 1782 663 v.

206 695 328 750 Αἷψα
368 711 441 752 pro
481 702 634 738 AITA.
699 695 844 749 Itaque
879 694 1209 736 emendandum:
1245 690 1287 740 ἧς
1321 693 1509 735 οὐδέποτε
1542 691 1781 734 retem-em

210 769 303 815 τοὺς
352 766 744 818 ἐμπιμπλαμένους;
791 779 867 807 nec
912 766 1095 819 mirum,
1144 778 1243 805 nam
1290 764 1428 814 πηγὴν
1474 770 1548 812 τῆς
1590 763 1781 812 ἀληθείαις

209 854 297 882 esse
328 840 450 881 modo
484 839 659 880 dixerat.

271 980 390 1031 Quod
429 979 574 1020 scribit
615 976 694 1018 Dio
732 975 852 1017 Tom.
884 974 938 1016 ΙΙ.
973 989 1069 1032 pag.
1107 974 1175 1018 ¹73.
1210 975 1258 1016 de
1291 988 1391 1017 auro
1422 976 1467 1016 in
1497 974 1617 1016 India
1649 988 1671 1016 a
1703 974 1783 1016 for-

208 1053 331 1094 micis
374 1049 580 1091 custodito
621 1047 731 1102 quod
777 1047 908 1089 vicini
953 1055 1145 1101 raperent
1193 1044 1263 1099 s'cp'
1306 1044 1500 1097 άρμάτων
1544 1044 1784 1097 ὑποζεύξαν-

207 1138 284 1168 τας
327 1120 472 1168 ἵππους
521 1118 745 1170 ταχίςους,
795 1116 946 1159 fefellit
989 1131 1087 1158 eum
1125 1118 1344 1158 memoria.
1388 1117 1486 1159 vide
1517 1116 1782 1158 Herodotum

206 1192 281 1235 III.
318 1191 418 1233 102.

269 1332 389 1374 Tem.
438 1330 491 1372 Π.
539 1345 635 1387 pag.
685 1328 754 1372 ¹75.
805 1329 826 1377 ἡ
875 1327 991 1376 πόλις
1035 1330 1056 1377 ἦ
1100 1333 1176 1370 τῶν
1220 1328 1501 1380 Βορυσθενιτῶν
1531 1352 1585 1358 -
1618 1325 1695 1368 ἅτε
1744 1327 1783 1368 ἕν

207 1404 342 1455 μέσοις
384 1403 545 1444 οἰκοῦσα
583 1406 663 1447 τοῖς
695 1399 920 1452 βαρβάροις
947 1424 1002 1430 —-—
1027 1399 1090 1440 άεὶ
1124 1400 1198 1450 μὲν
1231 1404 1474 1448 πολεμεῖται
1509 1396 1709 1444 πολλάκις
1743 1397 1783 1438 δὲ

208 1475 275 1517 καὶ
320 1473 512 1515 ἑάλωκε.
576 1472 688 1514 Fieri
728 1485 811 1513 non
852 1474 988 1526 potest
1031 1474 1080 1511 ut
1116 1470 1196 1512 Dio
1229 1469 1385 1511 ἑάλωκε
1418 1470 1648 1524 scripserit,
1681 1482 1782 1523 quo-

208 1547 324 1587 niam
365 1544 465 1586 urbs
503 1544 708 1584 ἓαλωκυῖα
742 1547 797 1583 est
828 1542 870 1582 iu
899 1542 1065 1582 hostium
1088 1546 1303 1595 potestate,
1337 1545 1386 1582 ut
1416 1542 1461 1581 in
1492 1539 1699 1596 Lysandri
1730 1539 1783 1581 ad

206 1617 393 1672 Ephoros
449 1613 643 1669 epistola:
688 1613 912 1654 ἐαλώκαντι
964 1612 1032 1653 ταὶ
1085 1611 1276 1653 'Ao-rium.
1351 1611 1572 1665 Expuncta
1618 1609 1783 1666 syllaba

205 1687 455 1743 legendum:
486 1684 685 1731 πολλάκις
719 1684 757 1726 δὲ
791 1684 858 1725 καὶ
892 1682 1041 1732 ἓάλΩ,
1073 1688 1186 1738 capta
1219 1688 1273 1724 est
1305 1686 1346 1724 et
1379 1682 1527 1724 deinde
1559 1685 1738 1737 recepta.

267 1824 529 1867 Admirabile
564 1828 626 1865 est
658 1823 767 1879 apud
800 1822 980 1866 Graecos
1011 1821 1190 1864 Homeri
1221 1822 1410 1864 studium
1443 1825 1485 1863 et
1518 1835 1647 1864 amor.
1705 1821 1783 1864 Bo—

204 1897 465 1953 rysthenitae
516 1895 698 1948 (auctore
743 1893 877 1935 Dione
923 1893 1044 1935 Tom.
1095 1893 1148 1935 Il.
1193 1907 1290 1950 pag.
1342 1892 1414 1948 78)
1461 1888 1605 1934 τᾶλλα
1649 1891 1781 1935 οὐκέτι

207 1969 350 2019 σαφῶς
391 1965 661 2017 ἑλληνίζοντες
709 1965 774 2006 δια
815 1965 859 2006 τὸ
907 1966 946 2006 ἐν
980 1964 1116 2015 μέσοις
1150 1965 1269 2006 οἰκεῖν
1301 1969 1383 2010 τοῖς
1417 1963 1641 2015 βαρβάροις
1675 1960 1780 2014 ὅμως

207 2041 279 2088 τήν
321 2054 371 2088 γε
415 2036 576 2078 Ἰλιάδα
614 2036 753 2086 ὀλίγου
788 2036 938 2082 πάντες
973 2035 1107 2077 ἴσασιν
1141 2036 1221 2076 άπὸ
1255 2034 1451 2085 ςόματος.
1515 2034 1620 2076 Vide
1653 2036 1782 2076 etiam

207 2110 308 2165 quid
350 2109 529 2150 effecerit
570 2112 691 2149 vetus
732 2107 874 2165 fabula
918 2107 967 2148 de
1010 2106 1196 2148 Homero
1237 2106 1472 2147 luminibus
1520 2109 1654 2160 capto*
1722 2105 1784 2148 De

205 2180 601 2236 Borysthenitarum
650 2179 782 2232 poetis
830 2177 972 2218 scribit
1022 2177 1101 2218 Dio
1149 2191 1245 2233 pag.
1297 2176 1364 2219 79.
1416 2176 1489 2218 εἶσὶ
1539 2177 1578 2218 δὲ
1630 2176 1782 2223 πάντες

207 2250 310 2293 οὗτοι
353 2253 501 2303 τυφλοὶ
547 2250 612 2290 καὶ
648 2251 726 2299 οὐχ
761 2250 954 2297 ἡγοῦνται
987 2248 1152 2289 δυνατὸν
1185 2245 1284 2288 εἶναι
1319 2246 1458 2293 άλλως
1492 2248 1582 2288 τινα
1617 2248 1781 2296 ποιητὴν

205 2322 407 2374 γενέσθαι.
473 2321 535 2362 De
574 2321 627 2361 iis
672 2321 806 2374 igitur
849 2318 992 2373 paullo
1024 2323 1119 2359 ante
1151 2317 1267 2359 locus
1301 2322 1363 2359 est
1395 2319 1501 2360 vitio
1536 2319 1781 2360 obscuratus

204 2398 246 2436 et
289 2397 481 2435 oneratus
524 2389 775 2432 emblemate
817 2391 958 2444 inepto
1000 2389 1092 2431 hic:
1137 2387 1256 2438 μόνου
1300 2389 1381 2439 γαρ
1414 2389 1592 2439 Ὁμήρου
1627 2405 1781 2439 μνημο-

205 2464 379 2505 νεύουσιν
423 2463 473 2516 [01e
513 2461 675 2509 ποιηταὶ
713 2461 862 2515 αὐτῶν]
899 2461 936 2501 ἐν
969 2465 1051 2506 τοῖς
1086 2460 1306 2509 ποιήμάσιν
1340 2454 1367 2500 ἃ
1400 2459 1467 2500 καὶ
1503 2458 1672 2501 άλλΩΟ
1704 2460 1779 2511 μὲν

206 2533 363 2576 εἰώθασι
397 2533 553 2583 λέγειν,
587 2531 649 2572 άεὶ
685 2530 723 2571 δὲ
757 2531 907 2571 ὁπόταν
936 2531 1118 2580 μέλλωσι
1146 2529 1374 2582 μάχεσθαι.
1409 2531 1778 2585 [παρακελεύονται

204 2610 286 2651 τοῖς
332 2604 462 2645 αὐτῶν
505 2601 632 2653 ὥσπερ
675 2601 731 2642 τά
773 2602 975 2652 Τυρταίου
1019 2602 1057 2641 ἐν
1089 2602 1366 2651 Λακεδαίμονι
1399 2600 1600 2655 ἐλέγετο]
1664 2601 1780 2644 Haec

204 2680 266 2719 est
309 2675 515 2716 librorum
563 2674 768 2727 scriptura
815 2671 998 2722 μέλλωσι
1040 2696 1092 2702 —-
1135 2671 1497 2723 παρακελεύονται.
1588 2671 1780 2714 Editores

203 2747 489 2790 substituunt:
537 2744 598 2785 άεὶ
646 2743 688 2785 δὲ
731 2742 882 2784 ἑπόταν
924 2742 1118 2792 μέλλουσι
1162 2742 1374 2793 μάχεσθαι
1417 2742 1779 2794 παρακελεύωνται

202 2824 284 2865 τοῖς
329 2817 482 2869 αὐτῶν,
526 2828 629 2869 quae
672 2826 754 2854 non
797 2817 859 2854 est
888 2811 1047 2855 Graeca
1080 2815 1348 2868 compositio,
1381 2816 1422 2854 et
1453 2811 1582 2864 ὥσπερ
1609 2837 1665 2842 --
1694 2813 1778 2854 ἕλε’·

201 2905 298 2945 γετο
331 2887 533 2942 expunxit
565 2885 788 2939 Emperius
824 2888 901 2934 „uc
933 2883 1067 2924 aliena
1098 2900 1122 2924 a
1152 2899 1323 2938 persona
1355 2883 1588 2940 loquentis.”
1650 2883 1780 2927 Recte
