1946 3298
888 135 973 183 '277

206 258 406 306 Libanius
447 261 519 304 III.
567 263 666 306 442.
713 263 781 307 15.
822 267 864 307 οὐ
909 267 989 318 γαρ
1033 265 1290 309 διαδικασιάν
1333 269 1501 323 τήμερον
1536 274 1594 320 ἔςι
1626 283 1709 326 τοῖς

146 333 276 385 νόμοις
311 333 404 385 πρὸς
439 333 530 382 τοὺς
563 334 710 386 λόγους
741 341 901 378 λαΒεῖν.
965 337 1168 379 Libanius
1200 339 1379 384 αττικιςὶ
1413 342 1594 388 dixerat:
1629 348 1713 390 δια-

145 404 332 448 δικασίαν
351 428 403 434 -
421 410 590 447 λαΧεῖν.
638 404 768 461 Saepe
800 407 910 462 apud
941 407 1167 449 Libanium
1200 411 1249 450 ut
1275 410 1385 464 apud
1410 412 1574 457 Atticos
1600 417 1710 468 δίκην

143 475 377 527 λαγχανειν
411 474 571 531 legitur
600 475 685 518 vid.
720 475 751 516 Ι.
789 475 887 518 190.
925 475 965 518 8.
999 477 1053 518 Π.
1087 476 1184 519 271.
1216 478 1286 521 IV.
1317 480 1416 523 528.
1449 483 1518 526 10.
1549 490 1590 528 et
1608 488 1707 532 561.

202 546 399 588 Imitatus
441 548 503 587 est
540 546 585 587 in
625 546 691 588 his
732 546 934 589 Libanius
973 551 1123 589 notum
1165 548 1307 591 locum
1348 552 1566 598 Aeschinis
1597 562 1710 602 κατὰ

143 620 424 670 Κτησιφῶντος
470 629 566 672 pag.
614 614 684 659 74.
733 616 800 659 19.
844 617 1099 659 διαδικασίαν
1135 617 1214 671 ἔφη
1246 619 1425 674 γράψειν
1457 626 1510 677 τῷ
1543 628 1708 678 βήματι

142 688 237 741 πρὸς
280 688 323 729 τὸ
355 690 611 739 ςρατηγεῖον.
674 685 786 729 Hinc
819 687 994 730 emenda
1024 688 1303 732 Plutarchum
1336 691 1385 734 de
1416 693 1552 750 gloria
1583 699 1710 743 Athe-

141 759 349 800 niensium
390 770 487 812 pag.
530 755 684 799 350.G.
721 758 920 811 Αἰσχίνης
953 759 1146 801 σκώπτων
1179 759 1244 801 τὸν
1279 764 1534 814 Δημοσθένην
1571 769 1709 821 λέγειν

141 829 264 881 φησὶν
309 824 368 868 ἔτι
410 825 623 880 ’γράφεται
655 829 709 879 τῷ
740 828 904 879 βήματι
939 829 1195 872 διαδικασίαν
1236 832 1329 884 πρὸς
1363 833 1433 881 την
1465 840 1708 889 marafim,

140 899 394 954 Scripserat:
438 894 497 938 ἔτι
529 898 746 950 γράψεται
783 898 954 955 (melius
989 900 1216 944 Aeschines
1246 903 1418 961 γράψει)
1453 907 1507 959 τῷ
1545 909 1709 961 βήματι

139 969 397 1013 διαδικασίαν
430 968 526 1021 πρὸς
559 969 602 1010 τὸ
637 975 890 1022 ςρατηγεῖον.

198 1110 400 1153 Libanius
432 1108 506 1152 III.
538 1122 633 1166 pag.
668 1108 769 1152 443.
805 1109 846 1152 9.
883 1112 914 1153 οἱ
949 1111 987 1153 δὲ
1021 1111 1147 1154 ἄθλιοι
1181 1113 1354 1167 πατέρες
1382 1116 1524 1167 τὸτῆς
1555 1121 1709 1175 Ἀνδρο-

136 1181 283 1234 μάχης
327 1180 394 1223 καὶ
439 1184 622 1232 συνερῶσι
666 1187 747 1227 τοῖς
781 1180 915 1224 υἱέσιν.
981 1182 1085 1225 'Poto
1118 1183 1231 1227 coelo
1264 1185 1315 1228 ab
1347 1186 1474 1230 huius
1506 1188 1587 1233 loci
1619 1206 1710 1236 sen-

136 1255 269 1296 tentia
302 1252 511 1294 aberravit
541 1250 717 1307 Reiske,
751 1253 823 1307 qui
854 1253 1087 1295 doctrinam
1118 1268 1200 1297 non
1231 1253 1419 1300 habebat¹
1442 1264 1629 1314 paratam
1663 1278 1710 1306 ac

135 1324 220 1366 fere
260 1335 493 1378 numquam
534 1323 579 1363 in
617 1327 804 1378 tempore
839 1323 1133 1366 recordabatur
1165 1339 1269 1381 quae
1304 1328 1414 1382 apud
1447 1329 1549 1373 alios
1581 1331 1709 1390 legis-

136 1396 210 1436 set.
277 1393 374 1443 „Ait
412 1393 679 1434 Andromache
710 1393 883 1449 (inquit)
917 1409 957 1435 se
988 1395 1198 1437 liberorum
1230 1412 1378 1440 amores
1408 1401 1557 1456 sequi.”
1617 1404 1710 1447 Me-

134 1462 240 1505 liora
282 1462 446 1505 docebit
486 1463 576 1518 ipsa
617 1462 907 1506 Andromache
949 1465 1059 1520 apud
1102 1466 1351 1522 Euripidem
1383 1471 1427 1511 in
1460 1476 1708 1529 cog-nomine

134 1532 276 1576 fabula
307 1547 369 1577 vs.
402 1531 503 1575 222.

375 1601 401 1645 ὦ
433 1603 607 1657 φίλταθ’
634 1606 803 1658 Ἕκτορ,
839 1607 936 1647 ἀλλ’
971 1606 1049 1656 ἐγὼ
1083 1606 1155 1655 την
1189 1608 1260 1656 σὺν
1291 1608 1413 1662 χάριν

373 1673 431 1716 σοὶ
465 1674 534 1716 καὶ
568 1674 759 1728 ξυνήρων,
795 1675 830 1717 εἴ
861 1676 901 1717 τί
934 1692 978 1718 σε
1010 1676 1195 1730 σφαλλοι
1231 1679 1398 1733 Κύπρις.

374 1744 442 1786 καὶ
478 1745 611 1796 μαςὸν
644 1746 713 1795 ἤδη
749 1745 950 1795 πολλάκις
984 1746 1123 1790 νόθοισι
1159 1755 1242 1797 σοῖς

371 1815 574 1872 ἐπέσχον,
608 1814 672 1858 ἵνα
707 1833 765 1859 σοι
796 1817 919 1868 μηδὲν
954 1818 1098 1866 ἐνδοίην
1133 1819 1282 1872 πικρόν.

191 1886 286 1928 Non
326 1887 455 1929 sensit
496 1886 718 1943 Euripides
761 1902 886 1943 quam
922 1893 1027 1932 esset
1060 1891 1254 1945 ineptum
1287 1891 1608 1938 Andromachen
1639 1900 1705 1940 in·

131 1957 279 1998 ducere
322 1949 516 2000 Hectoris
556 1958 670 2001 furta
713 1960 916 2002 amatoria
947 1960 1219 2004 adiuvantem
1253 1966 1295 2005 et
1327 1967 1479 2019 spuriis
1511 1965 1705 2011 Hectoris

129 2041 363 2071 mammam
404 2044 517 2083 saepe
547 2029 829 2085 praebentem.
894 2028 1117 2073 Caeterum
1152 2033 1269 2075 vides
1301 2035 1403 2089 quid
1436 2038 1491 2078 sit
1524 2042 1564 2079 et
1596 2039 1705 2081 unde

130 2100 185 2141 sit
217 2099 249 2140 οἱ
284 2098 456 2151 πατέρες
491 2104 747 2152 συνερῶσι
781 2105 863 2146 τοῖς
899 2099 1034 2143 υἱέσιν.

188 2239 390 2284 Libanius
432 2239 505 2283 ΙΠ.
554 2240 654 2284 450.
699 2241 738 2285 5.
783 2239 846 2290 οὓς
880 2243 1117 2295 ἐποιούμεθα
1151 2245 1353 2296 γέλωταΟ
1387 2250 1500 2302 παρα
1532 2256 1614 2299 τοῖς
1648 2253 1702 2294 διο

131 2311 354 2358 δασκοέλοις
409 2310 512 2354 οὗτοι
561 2312 737 2355 δοκοῦσιν
785 2311 885 2355 εἶναι
934 2314 1046 2357 δικῶν
1095 2322 1298 2369 τεχνῖται.
1381 2317 1593 2363 Graecum
1642 2326 1704 2366 est

130 2382 367 2434 ἐποιούμεθα
402 2381 604 2435 γέλωτΑ,
639 2397 720 2427 non
751 2383 955 2435 γέλωτας.

187 2521 292 2581 Pag.
328 2524 427 2566 450.
465 2527 504 2567 8.
539 2526 638 2568 αλλ’
673 2523 776 2567 οὗτοι
809 2526 883 2577 μὲν
918 2528 950 2569 εἷ
983 2527 1050 2570 καὶ
1085 2534 1156 2578 τῆς
1184 2535 1259 2572 τῶν
1286 2530 1419 2583 λόγων
1446 2535 1698 2591 ἀπελείφθη-

129 2606 204 2634 σαν
237 2593 379 2646 ἰσχύος
413 2595 513 2637 οὶλλ’
547 2594 794 2648 ἐξεζήτησαν
831 2613 875 2638 τε
907 2598 1134 2647 κτήσασθαι
1168 2601 1236 2642 καὶ
1268 2604 1408 2652 μισθὸν
1435 2606 1523 2658 πρὶν
1550 2608 1701 2658 λαβεῖν

129 2662 292 2707 ἔδωκαν.
356 2665 471 2708 Duce
514 2668 720 2709 sententia
763 2668 1081 2725 corrigendum:
1126 2672 1225 2713 ἀλλ’
1268 2671 1352 2715 οὖν
1396 2675 1596 2728 ἐζήτησαν
1635 2684 1703 2720 ΓΘ

130 2735 372 2783 κτήσασθαι.

190 2872 388 2918 Libanius
429 2876 503 2920 III.
549 2879 648 2923 451.
694 2878 736 2923 2.
776 2879 845 2924 καὶ
878 2881 1017 2936 χρόνος
1050 2884 1216 2939 βραχὺς
1252 2887 1319 2930 καὶ
1353 2889 1475 2942 ῥήτωρ
1508 2885 1703 2944 ἐξαίφνης
