1946 3298
997 182 1054 226 82

301 314 434 360 Credo
464 314 555 368 ipsa
585 314 730 367 poetae
759 309 887 352 verba
918 309 1079 351 dedisse
1108 308 1288 350 Dionem

602 380 756 433 άκροισΙ
789 379 1027 421 δακτύλοισΙ
1060 378 1282 428 διαμῶντες
1313 377 1456 431 χθόνα.

300 456 365 499 Ex
404 454 550 497 eodem
590 453 704 494 fonte
746 452 900 493 sumsit
940 449 1020 491 Dio
1064 452 1104 490 et
1151 462 1226 499 ea,
1273 462 1378 503 quae
1423 449 1697 504 praecedunt,
1741 447 1813 490 sed

241 527 352 584 quod
395 526 502 567 dixit
543 524 610 565 καὶ
657 523 700 563 τὸ
749 521 971 566 λέοντας
1021 518 1154 571 φέρειν
1197 519 1235 559 ἐν
1279 523 1372 564 ταῖς
1418 518 1630 568 άγκάλαις
1671 518 1813 560 absur-

240 600 343 641 dum
384 600 458 639 est.
523 593 634 636 Satis
677 596 739 634 est
772 590 999 633 mirificum
1033 589 1142 644 quod
1173 589 1396 644 Euripides
1426 590 1516 644 ipse
1548 592 1813 632 commentus

239 673 302 712 est
333 683 392 711 vs.
429 665 528 708 689.

510 736 553 777 αἱ
587 735 620 775 δ’
653 731 885 784 άγκάλαισι
919 729 1076 782 δορκάδ’
1112 731 1133 778 ἢ
1168 729 1367 780 σκύμνους
1401 729 1531 772 λύκων

509 806 671 857 ἀγρίους
705 802 873 854 ἔχουσαι
907 802 1048 843 λευκὸν
1081 801 1259 843 ἐδίδοσαν
1292 800 1414 852 γάλα

511 873 622 922 ὅσαις
655 873 846 919 νεοτόκοις
879 872 1007 925 μαζὸς
1045 869 1088 920 ἦν
1119 876 1315 924 σπαργῶν
1348 870 1405 914 ἔτι

509 946 642 999 βρέφη
676 944 908 990 λιπούσαις.

300 1092 405 1147 Pag.
442 1087 538 1130 683.
580 1085 717 1137 Ἀρίων
751 1085 820 1137 ὑφ’
854 1081 898 1125 οὗ
930 1082 1119 1134 λέγουσιν
1151 1083 1314 1137 ᾅδοντος
1347 1083 1385 1123 ἐν
1417 1084 1471 1134 τῷ
1508 1084 1688 1134 πελάγει
1721 1084 1813 1130 τοὺς

240 1163 437 1214 δελφῖνας
480 1157 700 1211 ἀφικέσθαι
735 1156 837 1211 ,πρὸς
880 1155 951 1202 τὴν
996 1157 1091 1195 ναῦν
1134 1154 1202 1196 καὶ
1246 1154 1358 1204 μετα
1406 1156 1546 1195 ταῦτα
1586 1154 1812 1196 ἐκπεσόντα

240 1233 362 1276 αὐτὸν
406 1230 518 1273 κατὰ
560 1228 692 1279 τύχην
736 1226 827 1268 τινα
870 1225 1156 1275 ἈΝΑλαβεῑν
1190 1224 1258 1266 καὶ
1292 1229 1429 1267 σῶσαι.
1494 1224 1590 1267 Non
1622 1227 1815 1267 convenit

240 1319 338 1347 cum
379 1303 441 1344 rei
476 1304 625 1342 natura
655 1299 834 1340 verbum
871 1295 1127 1346 ἀναλαβεῖν,
1161 1309 1295 1350 neque
1327 1309 1374 1337 eo
1407 1297 1630 1351 quisquam
1661 1297 1705 1337 in
1737 1295 1813 1338 hoc

241 1376 490 1433 argumento
532 1372 692 1417 utitur,
738 1368 809 1411 sed
848 1367 1110 1416 ’ΎΠολαβεῑν
1151 1380 1294 1408 omnes
1337 1366 1529 1407 dicebant
1572 1370 1613 1408 et
1654 1368 1814 1421 primus

241 1447 433 1490 omnium
465 1440 703 1483 Herodotus
734 1439 769 1480 I.
805 1437 878 1480 24.
910 1439 977 1479 τὸν
1009 1437 1049 1479 δὲ
1083 1437 1258 1495 δελφῖνα
1286 1436 1452 1487 λέγουσι
1487 1436 1814 1487 ὑπολαβόντα

240 1517 434 1566 ἐξενεῖκαι
468 1513 531 1554 ἐπὶ
566 1511 779 1562 Ταίναρον.

299 1655 404 1711 Pag.
450 1651 548 1694 691.
592 1649 722 1703 Φασὶν
765 1648 948 1701 άρχαίαν
989 1647 1192 1699 βασιλίδα
1233 1648 1272 1689 ἐν
1312 1648 1445 1700 Κρήτῃ
1491 1652 1567 1689 τῶν
1616 1647 1814 1690 Ἡλιαδῶν

240 1727 449 1779 ἐρασθῆναι
482 1722 642 1774 ταύρου.
704 1720 798 1763 Non
832 1720 982 1761 debent
1015 1719 1212 1762 confundi
1241 1720 1273 1761 οἱ
1306 1719 1498 1761 Ἡλιάδαι
1531 1723 1573 1762 et
1600 1720 1643 1761 αἱ
1672 1719 1816 1761 Ἡλιά-

239 1798 314 1844 δες.
379 1795 526 1849 Itaque
559 1795 739 1834 correcto
772 1794 945 1832 accentu
977 1789 1176 1832 Ἡλιάδων
1207 1790 1487 1832 scribendum.

299 1937 403 1993 Pag.
451 1932 550 1976 693.
593 1931 708 1981 μόνον
752 1931 785 1972 δ’
826 1931 891 1972 ἐπὶ
934 1931 989 1982 τῷ
1032 1929 1143 1972 τέλει
1185 1930 1310 1982 φησὶν
1355 1929 1518 1972 Αἴαντα
1561 1931 1628 1972 τὸν
1665 1930 1814 1983 Λοκρὸν

239 2009 329 2059 ὀροῖν
370 2003 636 2057 άπρεπέςερον
675 2002 742 2043 καὶ
787 2002 1044 2052 λοιδορεῖσθαι
1088 2001 1294 2051 Ἰδομενεῖ,
1356 2001 1522 2043 Vitium
1570 2005 1633 2043 est
1679 2003 1816 2044 mani-

237 2079 393 2120 festum
424 2078 469 2117 in
502 2076 606 2126 ὂρᾶν.
670 2073 772 2130 Leg.
808 2073 935 2124 δρᾶν
966 2088 1013 2113 τι
1049 2072 1330 2124 άπρεπέςερον.
1394 2070 1604 2114 Confundi
1634 2074 1744 2115 inter
1771 2087 1814 2115 se

238 2149 332 2200 δρᾶν
361 2151 402 2189 et
429 2147 519 2198 ὁρᾶν
545 2144 694 2186 multis
722 2143 925 2198 exemplis
954 2143 1214 2185 ostendimus
1239 2144 1284 2184 in
1319 2142 1357 2184 V
1353 2158 1412 2184 ar.
1442 2143 1565 2185 Leott.
1594 2157 1691 2200 pag.
1711 2142 1811 2185 448.

296 2287 402 2343 Pag.
438 2284 535 2327 695.
570 2288 646 2325 τῶν
678 2286 870 2333 Κωμικῶν
904 2282 983 2335 ἔφη
1019 2298 1079 2329 τις
1113 2282 1178 2324 ἐπὶ
1213 2288 1294 2329 τοῖς
1328 2282 1537 2329 τοιούτοις·

600 2353 803 2399 άκόλαςος
835 2352 956 2405 ὄχλος
991 2353 1158 2402 ναυτική
1188 2354 1225 2394 τ’
1260 2352 1429 2403 ἀταξία.

299 2428 554 2469 Notissimus
586 2424 816 2467 versiculus
849 2427 911 2465 est
941 2438 991 2465 ex
1023 2424 1238 2479 Euripidis
1270 2424 1432 2464 Hecuba
1465 2422 1566 2466 607.

906 2493 944 2535 ἕν
975 2510 1034 2536 τοι
1068 2495 1193 2546 μυρίῳ
1225 2495 1481 2546 ςρατεύματι

480 2564 683 2612 άκόλαςος
712 2564 836 2616 ὄχλος
870 2565 1036 2614 ναυτική
1069 2564 1108 2605 τ’
1143 2565 1325 2617 άναρχία

479 2636 666 2689 κρείσσων
699 2635 840 2687 πυρός,
875 2636 996 2682 κακὸς
1031 2635 1063 2677 δ’
1097 2636 1113 2676 ὖ
1148 2637 1205 2686 μή
1239 2652 1277 2677 τι
1311 2636 1404 2686 δρῶν
1437 2635 1573 2677 κακόν.

298 2709 497 2751 Potuitne
536 2708 671 2763 igitur
709 2705 789 2747 Dio
834 2709 908 2747 τῶν
950 2711 1140 2755 Κωμικῶν
1185 2722 1245 2753 τις
1291 2704 1451 2748 dicere?
1513 2707 1607 2748 Non
1640 2708 1810 2763 opinor,

240 2780 312 2822 sed
350 2779 480 2821 latere
521 2778 698 2820 arbitror
730 2776 931 2828 παρῳδίαν
964 2775 1126 2818 Comici
1158 2778 1413 2819 versiculum
1443 2776 1721 2832 Euripideum
1755 2779 1813 2821 sic

240 2853 284 2892 in
315 2849 466 2891 ludum.
499 2850 721 2902 iocumque
753 2849 1053 2889 convertentis:

600 2917 800 2964 άκόλαςος
832 2916 956 2970 ὄχλος
989 2918 1167 2966 'Acmen'
1200 2917 1235 2958 τ’
1267 2916 1441 2966 άταξία.
