1946 3298
856 156 942 201 363

114 284 364 328 Commenta
396 289 437 327 et
468 284 644 327 fabellae
677 286 916 339 sequiorum
949 285 1155 339 profectae
1188 289 1307 339 sunt,
1341 289 1390 327 ut
1424 288 1630 342 suspicor,
1661 303 1684 331 a

112 356 293 398 Diodoro
327 357 556 410 Aspendio,
591 369 698 398 vano
730 370 776 396 ac
805 355 955 396 stolido
987 356 1158 397 homine
1177 389 1186 404 ,
1219 370 1344 411 quem
1377 358 1567 411 aequales
1597 372 1684 400 om—

112 441 184 468 nes
224 426 406 467 ludibrio
448 426 599 467 habere
640 426 827 467 solebant
871 429 912 466 et
945 439 968 466 a
999 425 1279 482 Pythagoreis
1311 429 1507 477 recoctis,
1542 429 1683 483 quales

114 496 289 540 Graecia
319 498 472 538 amissa
503 496 694 538 libertate
726 496 883 537 multos
914 496 1022 537 vidit
1054 510 1100 537 ac
1130 498 1236 537 risit.

171 568 316 621 Neque
358 571 501 608 tamen
544 567 711 608 deerant
753 565 941 607 fabulosa
983 571 1221 608 commenta
1263 567 1374 622 apud
1415 569 1680 622 antiquiores.

114 638 204 687 „Ex
235 638 417 678 Platonis
446 638 578 677 schola
606 636 793 677 Ponticus
824 636 1059 676 Heraclides
1082 637 1306 690 puerilibus
1326 638 1489 692 fabulis
1521 639 1684 693 refersit

112 707 255 747 libros
297 712 402 748 teste
438 704 633 748 Cicerone
665 708 712 747 de
744 706 798 747 N.
833 706 886 747 I).
921 706 948 746 I.
989 705 1055 746 13.
1091 706 1289 748 TImaeus
1321 709 1365 748 in
1397 708 1593 749 Historiis
1623 723 1684 751 re-

111 777 246 819 futato
288 776 536 818 Heraclidae
579 791 712 818 errore
749 778 810 818 ita
842 778 923 818 ait:
960 777 1087 832 (apud
1118 777 1244 833 Diog.
1280 778 1415 819 Laert.
1450 777 1561 819 VIII.
1597 778 1684 833 ¹72.)

113 848 226 888 ἄλλα
271 848 336 888 δια
379 847 530 893 παντός
563 849 644 891 ὲςιν
677 848 940 898 Ἡρακλείδης
973 851 1144 894 τοιοῦτος
1179 848 1504 899 παραδοξολόγος
1538 850 1606 890 καὶ
1641 851 1684 891 ἐκ

112 923 184 966 τῆς
228 919 395 965 σελήνης
440 918 695 959 πεπτωκέναι
735 917 932 968 ἄνθρωπον
966 919 1110 968 λέγων.
1175 918 1254 960 Sed
1286 921 1322 960 is
1354 919 1523 973 quidem
1558 920 1685 962 ἐπιτί-

111 1004 232 1038 μαιος
280 989 446 1030 dicitur.
511 989 764 1030 Plutarchus
811 993 953 1029 autem
998 990 1177 1029 minime
1223 988 1456 1030 maledicus
1500 991 1545 1030 in
1598 992 1685 1033 vita

112 1057 285 1101 Camilli
316 1073 403 1114 cap.
437 1058 505 1100 22.
542 1059 591 1100 de
626 1059 762 1100 Roma
794 1073 816 1099 a
849 1057 984 1100 Gallis
1017 1065 1136 1114 capta
1169 1060 1336 1100 scribit:
1366 1060 1629 1109 Ἡρακλείδης
1665 1062 1681 1103 ὁ

111 1130 302 1176 Ποντικὸς
322 1155 375 1160 -
395 1132 518 1181 Φησὶν
538 1155 591 1160 —-
609 1131 659 1175 ὡς
692 1129 835 1180 ςρατὸς
871 1129 914 1178 ἐξ
940 1129 1211 1180 Ὑπερβορέων
1240 1131 1358 1170 ἐλθὼν
1386 1129 1524 1177 ἔξωθεν
1552 1133 1682 1183 ᾑρήκοι

112 1201 228 1241 πόλιν
263 1202 492 1248 ἹΞλληνίδα
534 1202 687 1249 Ῥώμην
724 1200 808 1240 ἐκεῖ
841 1216 915 1240 που
948 1201 1234 1251 κατῳκημένην
1266 1201 1353 1252 περὶ
1387 1201 1457 1247 την
1489 1202 1685 1250 μεγάλην

113 1270 344 1312 θάλασσαν.
409 1274 496 1313 Οὐκ
530 1271 580 1313 ἂν
612 1268 675 1312 οὖν
708 1270 966 1319 θαυμάσαιμι
1001 1272 1157 1320 μυθώδη
1192 1273 1257 1311 καὶ
1289 1274 1565 1321 πλασματίαν
1589 1272 1684 1315 ὄντα

112 1343 179 1383 τὸν
224 1342 486 1392 Ἡρακλείδην
529 1343 674 1389 ἀληθεῖ
711 1341 821 1393 λόγῳ
863 1343 917 1391 τῷ
952 1342 1038 1392 περὶ
1073 1348 1143 1389 τῆς
1178 1342 1364 1388 ἁλώσεως
1400 1343 1683 1392 ἐπικομπάσαι

112 1412 204 1458 τοὺς
251 1412 538 1462 ’Ὑπερβορέους
583 1413 649 1452 καὶ
690 1415 760 1458 την
793 1411 984 1460 μεγάλην
1015 1411 1241 1452 θάλατταν.
1306 1412 1495 1455 Fortasse
1528 1428 1578 1456 ex
1607 1414 1685 1456 hoc

112 1490 349 1524 commento
381 1482 526 1538 colligi
559 1483 689 1536 possit
721 1482 820 1536 quid
853 1484 908 1523 sit
939 1496 1012 1523 cur
1043 1483 1192 1523 Abaris
1225 1483 1268 1523 ἐκ
1300 1487 1375 1523 τῶν
1412 1484 1684 1536 Ὑπερβορέων

111 1552 162 1594 ad
193 1552 482 1609 Pythagoram
515 1554 677 1594 venisse
710 1552 885 1593 dicatur.

168 1692 404 1738 Redeamus
435 1696 521 1738 iam
552 1696 663 1737 unde
694 1695 777 1738 huc
813 1694 989 1752 digressi
1021 1710 1167 1738 sumus
1200 1696 1251 1738 ad
1282 1697 1523 1739 Aristoxeni
1552 1698 1685 1753 ipsius

107 1767 346 1810 lectionem.

168 1838 342 1881 Dixerat
386 1839 430 1878 in
475 1838 498 1891 ξ
547 1836 615 1879 98.
666 1837 957 1888 παρατίθεσθαι
1007 1837 1046 1878 δὲ
1094 1837 1162 1878 καὶ
1211 1837 1307 1888 κρέα
1349 1837 1450 1890 ζῴων
1498 1838 1681 1888 θυσίμων.

112 1910 279 1959 Θύσιμα
323 1910 436 1950 enim
478 1908 560 1960 ζῷα
605 1908 788 1963 appellat
832 1905 858 1949 ἃ
900 1909 1008 1956 θέμις
1043 1908 1100 1951 ἐςὶ
1136 1910 1298 1955 τυθῆναι
1333 1914 1374 1950 et
1404 1910 1556 1964 quibus
1587 1910 1686 1951 solis

109 1982 222 2023 vesci
263 1980 324 2022 fas
366 1983 466 2021 erat.
530 1979 709 2035 Legitur
751 1981 796 2020 in
838 1980 860 2033 ξ
892 1977 962 2019 85.
997 1979 1051 2023 εἰς
1084 1978 1187 2027 μόνα
1220 1983 1296 2019 τῶν
1329 1979 1432 2032 ζῴων
1465 1982 1532 2021 οὐκ
1565 1981 1686 2031 εἰσέρ-

109 2068 234 2104 χεται
268 2051 468 2101 ἀνθρώπου
500 2051 620 2101 ψυχή
655 2044 682 2090 ἃ
717 2049 826 2098 θέμις
860 2049 918 2092 ἐςὶ
953 2050 1130 2096 τυθῆναι.
1165 2049 1231 2090 δια
1263 2053 1380 2092 τοῦτο
1407 2056 1483 2092 τῶν
1511 2051 1685 2100 θυσίμων

111 2123 190 2174 χρη
235 2122 374 2162 ἐσθίειν
412 2119 528 2170 μόνον
573 2116 644 2171 (οἷς
691 2119 740 2160 ἂν
783 2121 828 2161 τὸ
873 2120 1014 2160 ε’σθιέιν
1056 2120 1226 2172 καθήκῃ)
1274 2119 1403 2161 ἄλλον
1446 2122 1486 2161 δὲ
1518 2121 1685 2171 μηδενὸς

112 2190 221 2244 ζῴου.
265 2193 432 2246 inquo
469 2190 559 2232 loco
595 2190 820 2231 Iamblichi
852 2189 1063 2231 fallaciam
1097 2190 1323 2244 quamdam
1356 2191 1523 2232 subesse
1555 2193 1686 2246 suspi-

113 2276 194 2305 cor.
257 2262 419 2316 Nempe
451 2257 504 2306 οἷς
540 2260 589 2300 ἂν
622 2262 666 2301 τὸ
702 2260 840 2300 ἐσθίειν
875 2261 1028 2311 καθήκῃ
1059 2273 1141 2301 non
1174 2264 1260 2308 est,
1296 2264 1344 2301 ut
1375 2263 1593 2316 interpreti
1624 2263 1688 2303 Vi-

113 2332 257 2382 detur,
287 2347 413 2387 „quae
428 2346 505 2385 pro
531 2331 698 2371 victimis
724 2331 881 2371 caedere
908 2329 1034 2384 Zieeff',
1064 2330 1135 2371 sed
1170 2330 1249 2379 „iis
1279 2331 1418 2385 quibus
1443 2332 1689 2373 victimarum

112 2403 294 2444 carnibus
337 2405 438 2443 vesci
477 2400 605 2442 licet.’'
666 2400 925 2441 lamblichus
964 2414 1015 2441 ne
1053 2400 1134 2441 sibi
1166 2401 1247 2455 ipsi
1278 2403 1416 2455 palam
1448 2401 1689 2457 obloquere-

62 2490 65 2491 ’
112 2477 204 2528 tur,
238 2487 284 2515 ea
316 2473 442 2514 verba
474 2472 524 2513 de
551 2485 625 2513 suo
656 2472 952 2525 interposuisse
983 2470 1176 2525 videtur,
1210 2473 1406 2526 quoniam
1438 2486 1521 2514 non
1557 2473 1689 2515 semel

110 2544 402 2599 Pythagoram
429 2557 590 2596 prorsus
621 2542 671 2583 ab
704 2541 954 2583 animalium
987 2555 1061 2582 esu
1092 2533 1345 2584 abstinuisse
1378 2543 1530 2586 diserte
1561 2546 1688 2600 scrip-

111 2617 231 2657 serat.

173 2685 292 2736 Quod
308 2688 450 2727 autem
467 2688 561 2740 post
577 2680 682 2738 ζῴων
702 2682 874 2734 θυσίμων
893 2684 1174 2740 expunximus
1193 2683 1528 2728 additamentum
1545 2685 1689 2738 ἱερείων

113 2770 234 2798 nemo
264 2757 511 2806 mirabitur,
544 2759 580 2798 si
611 2757 783 2812 quidem
814 2757 870 2797 τα
904 2757 1028 2808 ἱερεῖα
1062 2759 1204 2799 omnia
1236 2757 1370 2800 solent
1402 2771 1489 2800 esse
1521 2757 1685 2808 θύσιμα.

173 2891 223 2938 In
262 2897 286 2957 ξ
326 2895 399 2940 99.
441 2897 553 2949 μετὰ
593 2896 634 2938 δὲ
675 2895 766 2938 τόδε
809 2895 853 2937 τὸ
898 2894 1051 2939 δεῖπνον
1091 2894 1298 2948 ἐγίγνοντο
1338 2895 1508 2939 σπονδαὶ
1541 2895 1685 2941 ἔπειτα
