1946 3298
941 144 1025 187 560

250 270 296 314 Si
337 272 439 314 11360
481 286 579 314 vera
620 274 718 313 sunt
761 270 825 313 Ti.
862 270 1078 314 Gracchus
1111 283 1216 311 311110
1252 267 1335 310 133
1369 268 1612 311 interfectus
1645 269 1769 311 natus

191 347 252 386 est
285 344 394 386 circa
426 357 582 386 annum
618 341 725 392 163,
760 345 801 384 et
835 340 1148 398 Caiusssnovem
1181 341 1299 382 annis
1331 343 1466 383 aetate
1498 341 1637 383 minor
1663 340 1772 381 01103

191 429 348 458 3111111111
382 414 482 457 154.

250 486 317 529 Ad
362 487 464 529 haec
496 485 559 541 {ea
606 498 711 541 quae
754 484 804 527 de
847 483 911 527 Ti.
954 482 1143 530 Graccho
1186 485 1378 527 constant
1412 483 1475 528 ita
1506 481 1770 540 temporibus

190 561 288 600 sunt
323 557 484 599 divisa:

251 628 318 671 Ti.
355 627 569 671 Gracchus
602 629 713 676 εὐθὺς
749 630 792 671 ἐκ
825 630 979 671 παίδων
1012 628 1224 680 γενόμενος
1257 653 1316 659 -—
1347 633 1419 676 τῆς
1448 631 1523 669 τῶν
1552 624 1766 678 Αὐγούρων

191 698 416 749 λεγομένης
459 700 664 750 ἱερωσύνης
706 699 861 750 ἠξιώθη.
913 700 1029 742 Plut.
1065 702 1105 742 4.
1143 701 1181 741 1.
1220 706 1401 741 ΕΤΘΤΟ
1433 699 1477 740 ἐκ
1511 698 1665 740 παίδων
1697 713 1770 748 γε·

192 771 350 822 νόμενος
382 771 491 813 1111111
525 771 640 814 aliud
667 787 754 814 6666
785 775 923 827 potest
954 786 1082 827 quam
1114 783 1271 814 STATIM
1294 776 1493 826 postquam
1522 775 1646 822 toqam
1677 768 1773 810 viri-

191 845 264 886 lem
297 847 433 883 sumsit
465 856 570 885 anno
604 844 752 885 aetatis
786 842 863 884 XV
896 856 1002 885 311110
1035 844 1084 885 Α.
1119 842 1164 884 Ο.
1202 842 1303 885 148.
1365 841 1465 884 Noli
1498 841 1646 882 mirari
1673 853 1773 882 eum

190 917 262 958 vix
311 929 332 956 e
378 914 561 969 pueritia
607 928 825 970 egressum
870 915 1015 956 statim
1058 915 1103 955 in
1147 914 1374 970 Augurum
1418 911 1649 968 collegium
1682 923 1770 952 esse

191 989 446 1040 cooptatum.
510 985 604 1026 Non
637 985 767 1027 semel
798 987 859 1027 ita
891 985 1050 1027 factum
1086 988 1170 1034 est,
1205 988 1254 1026 ut
1285 985 1330 1025 in
1362 983 1410 1024 Ρ.
1445 980 1638 1025 Cornelio
1665 982 1772 1024 Len-

191 1057 282 1098 tulo
326 1056 574 1111 Spinthere,
612 1056 662 1097 de
705 1070 786 1111 quo
829 1058 976 1098 scribit
1008 1057 1149 1098 Cicero
1174 1071 1250 1110 pro
1284 1055 1404 1096 Sestio
1439 1053 1508 1095 69.
1547 1057 1610 1103 „ei
1642 1068 1771 1094 annus

191 1129 291 1168 idem
335 1131 371 1168 et
421 1127 573 1167 virilem
611 1131 745 1181 patris
789 1132 825 1168 et
857 1132 1103 1181 praetentam
1148 1126 1414 1183 (auguratus)
1448 1126 1591 1180 populi
1627 1126 1771 1165 iudicio

194 1204 317 1252 toyam
349 1197 493 1240 declitss'
529 1198 578 1240 cf.
615 1198 786 1239 Livium
820 1198 981 1240 XXIX.
1019 1197 1089 1240 38.
1123 1211 1229 1240 anno
1257 1197 1358 1239 204.
1397 1201 1465 1246 „in
1488 1198 1550 1238 M.
1575 1197 1779 1249 Pomponii

195 1270 398 1312 Mathonis
441 1270 564 1310 locum
607 1274 760 1310 creatus
796 1284 923 1322 exn-qur
962 1269 1020 1310 Ti.
1058 1269 1305 1323 Sempronius
1339 1269 1536 1309 Gracchus
1569 1266 1774 1307 admodum

192 1341 435 1390 adolescens,
480 1341 583 1395 qnod
623 1351 730 1381 ’111Νο
769 1355 980 1393 perrarum
1020 1339 1063 1380 in
1100 1341 1335 1380 mandandis
1375 1340 1604 1381 sacerdotiis
1646 1334 1773 1378 erat.”

192 1410 390 1453 Mortuus
422 1414 484 1452 661
515 1412 559 1451 111
591 1410 833 1466 pestilentia
865 1425 970 1452 anno
1005 1409 1105 1452 174.
1137 1410 1231 1452 Liv.
1266 1410 1377 1452 XLI.
1411 1410 1483 1452 21.

252 1482 412 1524 Eodem
459 1482 614 1523 indicio
657 1481 901 1538 colligimus
941 1496 1021 1536 quo
1065 1473 1172 1523 anno
1210 1481 1371 1523 Tiberii
1403 1485 1521 1536 pater
1554 1478 1775 1524 excesserit

195 1569 215 1596 6
260 1556 364 1595 vita.
429 1552 621 1594 Tiberius
670 1553 783 1594 enim
827 1553 876 1594 de
924 1567 1039 1594 more
1081 1556 1123 1593 in
1159 1556 1288 1606 patris
1329 1553 1522 1593 demortui
1565 1553 1688 1593 locum
1728 1549 1774 1590 in

194 1627 421 1682 Augurum
465 1624 704 1680 Collegium
749 1627 965 1678 cooptatus
1006 1627 1079 1666 est.
1144 1624 1314 1665 Patrem
1341 1625 1385 1665 in
1418 1623 1595 1679 collegio
1628 1622 1775 1676 Augu-

194 1710 289 1737 rum
331 1695 460 1737 fuisse
503 1699 664 1736 constat
707 1709 756 1736 ex
798 1696 992 1736 Cicerone
1036 1696 1090 1735 ad
1137 1696 1323 1744 Quintum
1356 1695 1535 1750 fratrem
1566 1692 1620 1734 Π.
1655 1690 1696 1732 2.
1732 1692 1773 1731 et

192 1770 236 1808 de
279 1766 536 1807 Divinatione
580 1765 608 1806 Ι.
653 1765 719 1806 18.
767 1765 853 1814 ,,Τιῖ.
904 1766 1124 1814 Gracchus,
1171 1769 1237 1817 qni
1278 1766 1335 1805 bis
1382 1766 1527 1806 Consul
1556 1768 1591 1804 et
1629 1763 1769 1804 Censor

179 1838 276 1892 fnit
307 1840 477 1892 idemque
508 1841 543 1877 et
574 1852 743 1876 summus
773 1835 938 1889 anynrf
988 1836 1124 1878 Nemo
1160 1837 1273 1878 enim
1305 1837 1475 1878 inducet
1507 1837 1551 1877 in
1577 1836 1770 1876 animum

193 1911 241 1949 ut
283 1907 423 1949 credat
465 1906 595 1948 simul
638 1914 801 1962 patrem
844 1921 982 1949 senem
1028 1917 1069 1948 et
1110 1907 1247 1948 filium
1280 1907 1456 1948 vixdum
1490 1908 1627 1961 posita
1656 1917 1774 1960 prae-

192 1982 308 2020 texta
351 1977 532 2035 collegas
573 1981 617 2020 in
660 1982 872 2034 auguratu
913 1979 1054 2020 fuisse.
1120 1981 1271 2020 Contra
1304 1978 1380 2019 ubi
1411 1981 1530 2033 pater
1561 1975 1772 2019 nobilissi-

193 2064 288 2092 mus
332 2050 574 2105 aequalium
617 2051 794 2092 excessit
832 2064 853 2090 6
896 2051 1010 2098 vita,
1047 2051 1138 2104 quis
1171 2050 1398 2091 mirabitur
1430 2048 1566 2089 filium
1601 2046 1774 2103 egregia

192 2121 333 2164 indole
372 2126 413 2162 et
444 2122 617 2176 optimis
649 2121 810 2162 artibus
842 2122 929 2161 iam
963 2124 1055 2161 tum
1089 2120 1366 2162 excellentem
1399 2121 1443 2160 in
1477 2118 1665 2160 defuncti
1697 2129 1769 2171 pa·

194 2194 269 2234 tris
310 2191 454 2233 locum
495 2205 581 2232 6666
625 2194 878 2246 cooptatum.
946 2190 1115 2232 Sueton.
1159 2192 1201 2231 in
1245 2190 1404 2232 Nerone
1444 2203 1535 2244 cap.
1582 2188 1622 2229 2.
1672 2186 1771 2236 νῶι.

194 2263 391 2303 Domitius
422 2266 465 2302 in
497 2263 700 2302 tribunatu
728 2262 985 2315 Pontq'fieibns
1017 2263 1200 2317 offensior
1232 2262 1335 2313 qnod
1365 2261 1486 2301 alium
1519 2275 1631 2314 qnam
1661 2272 1701 2298 se
1727 2260 1770 2296 in

185 2333 320 2386 patris
351 2336 414 2372 sni
446 2333 569 2373 locum
601 2336 838 2385 cooptoaesent
872 2333 934 2372 ins
967 2333 1208 2373 sacerdotum
1239 2332 1571 2383 snbroyandornm
1604 2346 1626 2369 α
1659 2328 1774 2368 colle-

188 2407 268 2455 913136
300 2405 354 2443 ad
374 2403 563 2457 populum
595 2401 837 2442 transtulit?
886 2401 1048 2456 Nempe
1081 2404 1143 2443 ita
1176 2406 1264 2443 erat
1297 2401 1385 2443 fieri
1417 2400 1604 2443 solitum.
1659 2398 1773 2455 Ergo

193 2477 311 2529 pater
353 2473 548 2514 Tiberius
591 2473 701 2514 circa
735 2486 892 2513 annum
931 2472 1013 2513 148
1041 2478 1235 2514 mortuus
1268 2486 1355 2513 6666
1387 2470 1668 2527 intelligitur:
1703 2468 1775 2524 qui

194 2545 229 2585 si
272 2557 377 2585 anno
422 2541 504 2583 187
550 2543 745 2584 tribunus
787 2542 922 2597 plebis
967 2543 1095 2584 XXX
1139 2544 1306 2584 circiter
1349 2555 1554 2583 annorum
1587 2541 1692 2594 fuit,
1727 2542 1775 2579 ut

194 2616 283 2657 veri
316 2612 589 2655 simillimum
623 2617 702 2661 est,
737 2613 840 2654 haec
875 2616 972 2654 sunt
1006 2615 1119 2654 vitae
1156 2617 1367 2668 tempora:

254 2685 467 2727 Tribunus
533 2714 1072 2725 ........
1139 2697 1339 2725 annorum
1377 2684 1462 2725 fere
1495 2682 1636 2724 XXX.

253 2755 375 2797 duxit
408 2754 644 2797 Corneliam
677 2784 1222 2795 ........
1258 2767 1459 2796 annorum
1494 2751 1678 2795 XXXII.

254 2826 415 2868 Aedilis
459 2854 1220 2867 ...........
1348 2857 1368 2873 „
1494 2822 1673 2865 XXXV.

252 2897 423 2937 Praetor
449 2925 1214 2937 ...........
1345 2926 1365 2943 ‚‚
1491 2892 1709 2934 XXXVII.
