1946 3298
919 158 974 201 10

159 284 231 334 ἐφ’
275 281 328 331 οἷς
373 283 619 331 ἀκούσαντες
662 284 896 334 μεγαλείως
942 281 1151 334 ἐχάρησαν
1192 282 1225 322 οἱ
1257 282 1547 335 Καρχηδόνιοι,
1579 283 1654 325 ubi
1687 284 1732 325 in

159 353 253 395 aliis
281 353 401 397 libris
433 359 495 397 est
526 369 624 397 vera
654 354 779 396 lectio
810 352 1024 404 μεγάλως.

221 492 313 534 Lib.
356 492 510 534 XXIV.
555 492 634 534 9a.
679 506 774 549 pag.
820 491 921 533 990.
961 490 1093 533 Bekk.
1128 489 1207 543 ἔφη
1240 491 1322 542 γαρ
1356 491 1633 547 (Aristaenus)
1664 492 1733 534 οὐκ

166 560 267 604 εἶναι
312 563 476 604 δυνατὸν
520 563 587 604 καὶ
631 562 676 603 τὸ
721 562 808 613 δόρυ
850 562 918 603 καὶ
961 562 1004 603 τὸ
1048 564 1247 613 κηρύκειον
1285 560 1378 611 ἅμα
1411 563 1732 612 προτεινομένους

162 633 345 684 συνέχειν
387 636 458 681 την
502 634 595 684 πρὸς
640 633 858 682 Ῥωμαίους
891 633 1058 683 φιλίαν·
1096 632 1227 681 ,,οὶλλ’
1262 632 1294 672 εἰ
1328 632 1402 681 μὲν
1435 628 1504 673 οἷοί
1535 648 1580 673 τε
1612 632 1732 682 ἐσμὲν

161 705 470 756 ἀντοφθαλμεῖν
512 704 579 745 καὶ
616 703 821 752 δυνάμεθα
853 705 969 743 τοῦτο
1003 708 1152 751 ποιεῖν,
1184 702 1293 727 ³⁵*ss
1326 703 1572 753 Φιλοποίμην
1606 704 1732 745 εἰπεῖν

162 777 280 816 τοῦτο
323 779 460 828 τολμᾷ
504 774 570 798 *²*
613 779 759 825 καιροῖς
803 771 873 814 ἕνα
915 773 1151 822 Ῥωμαίοις,
1188 772 1252 813 διὰ
1285 773 1326 814 τί
1357 772 1564 815 ἀδυνάτων
1595 772 1733 825 ὀρεγό-

164 860 272 894 μενοι
315 845 370 886 τα
413 845 565 885 δυνατοὶ
610 843 849 894 παρίεμεν,·”
912 842 1022 894 Quid
1062 843 1300 884 faciendum
1330 845 1385 884 sit
1416 845 1552 886 verbis
1583 849 1733 896 καιροῖς

162 913 233 956 ἕνα
276 917 483 965 Ῥωμαίοις
521 928 602 956 non
646 918 799 968 exputo
875 913 1055 967 Reliqua
1094 915 1152 955 sic
1193 914 1482 956 constituenda
1513 914 1734 956 videntur:

162 986 263 1026 ἀλλ’
308 986 339 1026 εἷ
385 990 510 1026 ΜΕΝ
551 981 622 1026 οἷοί
663 1000 709 1025 τε
752 983 871 1033 ἐσμὲν
913 984 1243 1036 ἀντοφθαλμεῖν,
1288 987 1576 1034 ΠΕΙΡΩμεθα
1618 988 1735 1027 τοῦτο

166 1061 314 1108 ποιεῖν,
360 1057 429 1109 (ΕΙ
474 1062 548 1096 ΔΕ
591 1059 772 1105 ΜΗΔΕ)
823 1055 1071 1103 Φιλοποίμην
1117 1055 1244 1096 εἰπεῖν
1290 1059 1406 1097 τοῦτο
1449 1061 1587 1110 τολμᾷ
1614 1081 1668 1087 -
1694 1055 1736 1098 τί

165 1125 370 1166 ἀδυνάτων
412 1125 637 1176 ὀρεγόμενοι
681 1125 764 1166 κτὲ.
804 1129 852 1165 ut
894 1127 938 1165 in
979 1124 1170 1166 Platonis
1205 1126 1361 1167 Critone
1390 1140 1484 1183 pag.
1521 1125 1576 1167 46
1596 1138 1632 1168 C.
1665 1126 1734 1168 καὶ

165 1196 234 1237 ἐὰν
276 1196 348 1245 μὲν
390 1197 588 1246 φαίνηται
623 1195 791 1243 δίκαιον,
827 1196 1070 1246 πειρώμεθα,
1109 1197 1140 1237 εἷ
1175 1196 1216 1237 δὲ
1247 1198 1330 1251 μη’,
1365 1199 1489 1247 ἐῶμεν
1571 1197 1734 1252 Perspi-

164 1279 291 1307 cuum
326 1270 388 1307 est
417 1266 678 1320 praecedenti
710 1267 743 1307 εί
777 1266 849 1316 μέν
883 1265 1140 1321 respondisse
1173 1267 1205 1308 εἶ
1238 1267 1278 1308 δὲ
1311 1267 1384 1317 μή.

220 1403 429 1460 Egregius
471 1407 515 1446 in
556 1403 706 1447 Codice
749 1403 949 1446 Vaticano
990 1404 1107 1447 locus
1149 1404 1323 1461 Polybii
1367 1410 1556 1448 servatus
1592 1411 1655 1449 est
1687 1408 1738 1450 de

165 1474 432 1515 clandestinis
465 1475 649 1516 consiliis
681 1477 790 1516 inter
822 1475 1021 1516 Perseum
1055 1479 1097 1517 et
1126 1475 1361 1517 Eumenem
1387 1477 1582 1533 agitatis,
1611 1492 1737 1533 quem

161 1545 303 1587 locum
345 1558 474 1599 paene
507 1549 646 1586 totum
692 1545 840 1587 Livius
873 1545 1021 1587 XLIV.
1056 1545 1128 1587 24.
1161 1545 1217 1587 25
1251 1545 1400 1588 Latine
1432 1550 1654 1597 convertit,
1690 1552 1738 1590 ut

163 1629 212 1657 ex
254 1616 472 1669 utriusque
514 1617 725 1670 scriptoris
762 1617 872 1657 inter
914 1630 956 1657 se
999 1618 1308 1671 comparatione
1352 1621 1487 1660 certae
1518 1620 1737 1673 utriusque

161 1685 244 1726 loci
283 1685 592 1726 emendationes
635 1691 675 1726 et
706 1684 952 1726 lacunarum
985 1685 1276 1741 supplementa
1307 1689 1478 1742 reperiri
1510 1690 1735 1743 potuerint,

162 1755 376 1796 Eximiam
418 1756 462 1795 in
496 1768 541 1795 ea
574 1768 617 1795 re
652 1768 818 1808 operam
852 1757 1062 1809 praestitit
1095 1755 1343 1812 Madvigius
1374 1759 1418 1798 in
1450 1758 1611 1800 Emend.
1648 1760 1737 1801 Liv.

163 1839 259 1881 pag.
305 1824 389 1867 572
408 1838 494 1879 sqq.
540 1824 773 1880 Polybiana
805 1839 966 1880 quoque
997 1826 1197 1867 nonnulla
1231 1827 1269 1866 ἐν
1306 1826 1462 1879 παρόδῳ
1496 1829 1734 1871 emendans.

164 1894 397 1950 Supersunt
437 1896 481 1935 in
530 1897 732 1949 excerptis
780 1896 984 1950 quaedam
1027 1897 1231 1951 impedita
1277 1901 1318 1939 et
1361 1899 1513 1940 vitiose
1560 1901 1737 1954 scripta,

164 1979 341 2020 quorum
372 1969 535 2020 partem
567 1966 602 2005 si
635 1969 777 2019 potero
810 1968 1030 2007 restituam
1063 1968 1108 2007 in
1135 1968 1365 2023 integrum.

225 2103 308 2144 Ubi
349 2103 398 2144 de
441 2102 613 2144 occultis
651 2117 800 2159 regum
844 2105 1027 2146 consiliis
1069 2105 1275 2162 Polybius
1318 2108 1453 2149 dicere
1495 2109 1632 2163 coepit
1660 2107 1734 2150 lib.

166 2173 327 2215 XXIX.
365 2173 386 2214 1
407 2189 441 2213 a
476 2187 571 2229 pag.
605 2172 716 2214 1031
746 2174 878 2215 Bekk.
906 2177 967 2216 ita
994 2177 1162 2217 scribit:
1193 2177 1414 2229 διηπόρηκα
1441 2180 1481 2219 τί
1507 2179 1569 2220 δεῖ
1597 2185 1737 2221 ποιεῖν,

165 2244 211 2286 τό
242 2260 287 2285 τε
319 2259 400 2294 γαρ
432 2243 608 2295 γραφειν
641 2260 754 2285 κατα
787 2244 900 2296 μέρος
937 2246 1031 2296 ὑπὲρ
1064 2247 1247 2288 τοιούτων
1279 2249 1670 2299 ακριβολογούμενον
1707 2266 1736 2291 α

165 2314 214 2355 δι’
257 2315 485 2365 ἀπορρήτων
527 2330 618 2363 προς
666 2315 810 2360 αὑτοὺς
842 2331 872 2356 οι
906 2315 1096 2364 βασιλεῖς
1129 2316 1328 2368 ἔπραττον
1361 2335 1402 2360 ευ
1435 2321 1478 2360 Γ’
1512 2319 1736 2367 ἐπίληπτον

166 2385 355 2436 ἐφαίνετο
397 2384 464 2425 καὶ
503 2385 648 2430 τελέως
683 2385 926 2436 ἐπισφαλές.
992 2387 1109 2429 Maio
1143 2388 1317 2430 debetur
1347 2390 1523 2431 absurde
1554 2392 1736 2445 interpo-

166 2456 247 2495 sita
276 2453 425 2495 vocula
457 2457 498 2495 et
529 2456 732 2509 scriptum
765 2455 899 2496 fuerat
928 2458 1211 2506 εὐεπίληπτον.
1262 2458 1307 2500 Si
1332 2461 1425 2514 quis
1452 2474 1550 2502 eum
1579 2458 1737 2503 Graece

166 2524 295 2566 vellet
335 2524 469 2565 dicere
500 2524 636 2578 facile
676 2525 719 2565 in
760 2526 905 2566 talibus
947 2527 1028 2567 labi
1064 2527 1371 2577 εὐεξαπατητον
1404 2531 1524 2573 credo
1557 2531 1735 2581 diceret,

166 2607 248 2636 non
280 2591 321 2635 εὖ
355 2593 399 2643 γ’
435 2592 706 2642 ἐξαπατητον.

227 2731 328 2773 Post
368 2745 498 2786 pauca
537 2733 597 2774 ita
629 2732 753 2774 dicit:
787 2735 938 2775 decrevi
969 2741 1095 2777 autem
1127 2739 1294 2780 scribere
1324 2740 1424 2795 quid
1452 2741 1499 2781 de
1530 2740 1593 2781 lais
1624 2740 1738 2781 rebus

167 2803 347 2844 sentirem
390 2801 582 2853 ὑπάρχων
626 2803 737 2844 κατα
778 2804 869 2851 τοὺς
916 2806 1062 2852 αὐτοὺς
1104 2808 1265 2859 χρόνους
1311 2810 1378 2850 καὶ
1412 2813 1574 2859 μᾶλλον
1607 2810 1736 2862 ἐτέρου

169 2873 491 2921 ἐκπληττόμενος
524 2870 657 2916 ἕκαςα
690 2878 764 2915 τῶν
797 2870 1035 2925 ρἐγονότων.
1070 2878 1296 2921 Manifesto
1328 2880 1577 2922 mendosum
1605 2884 1667 2923 est
1693 2881 1737 2921 in
