1946 3298
1025 188 1055 219 X

255 307 439 347 oratione
479 304 575 356 πρὸς
606 305 815 346 Νικοκλέα
846 318 942 360 pag.
980 302 1033 343 16
1061 318 1093 344 e.
1127 303 1171 343 τὸ
1206 303 1457 354 ἐπιχείρημα
1489 305 1622 347 καλῶς
1657 300 1744 352 ἔχει
1777 302 1822 342 τὸ

256 411 310 416 -
338 386 637 427 ΝΟΜΟθετεῖν
681 391 814 426 TAIC
860 383 1142 434 μοναρχίΑΙΟ.
1192 383 1224 422 οἱ
1271 382 1345 430 μὲν
1392 381 1475 432 γὰρ
1521 382 1610 427 τοὺς
1662 381 1822 427 ἰδιώταις

254 466 510 508 παιδεύοντες
554 466 721 511 ἐκείνους
764 464 880 512 μόνον
921 466 1170 516 ὠφελοῦσιν,
1217 464 1248 503 εἷ
1283 461 1324 502 δέ
1357 479 1416 506 τις
1451 462 1540 507 τοὺς
1575 465 1822 512 κρατοῦντας

254 550 323 588 τοῦ
367 548 540 594 πλήθους
579 545 640 586 ἐπ’
673 546 816 595 ἀρετὴν
849 545 1102 595 προτρέψειεν
1135 542 1389 594 ἀμφοτέρους
1423 542 1472 583 ἂν
1504 542 1689 588 ἐνήσειεν.
1750 542 1825 584 Nil

253 629 374 669 iuvat
415 626 555 668 Codex
595 625 795 673 Urbinas,
839 637 919 678 quo
959 623 1175 664 meliorem
1217 627 1256 663 et
1300 620 1530 662 fideliorem
1560 625 1709 662 testem
1742 635 1824 662 non

253 707 480 755 habemus,
510 705 581 748 sed
612 705 725 747 valet
756 705 805 745 de
838 702 1062 746 Codicibus
1092 703 1203 743 idem
1240 702 1349 756 quod
1383 701 1432 742 de
1464 701 1728 743 hominibus:

494 788 657 840 optimus
687 786 757 826 ille
789 789 867 834 est,
901 788 968 839 qui
998 784 1169 824 minimis
1201 784 1352 837 (vitiis)
1385 789 1559 835 rcryetur.

314 868 487 910 Dixerat
518 867 721 908 Isocrates
755 870 888 910 καλῶς
921 864 1009 916 ἔχει
1042 863 1086 904 τὸ
1120 864 1366 905 ΝΟΤθετεῖν
1399 868 1512 903 TAC
1544 862 1821 913 μοναρχιἈΟ,

252 963 350 991 nam
393 948 608 1002 perspicue
649 945 793 987 eodem
835 959 955 986 sensu
997 946 1137 998 posuit
1179 944 1391 991 νουθετεῖν,
1439 942 1642 983 παιδεύειν
1687 946 1727 984 et
1761 942 1824 983 ἐπ’

254 1030 397 1081 ιέρετῖαν
440 1027 695 1078 προτρέπειν.
741 1027 866 1080 idque
900 1025 977 1066 loci
1014 1026 1216 1066 sententia
1249 1024 1470 1064 manifesto
1502 1023 1697 1078 postulat.
1764 1022 1825 1064 De

252 1110 403 1151 iisdem
431 1108 602 1164 regibus
627 1105 769 1162 paullo
799 1109 893 1146 ante
922 1104 1083 1146 dixerat
1108 1117 1205 1159 pag.
1238 1102 1305 1144 15.
1325 1118 1353 1143 0⁴
1376 1101 1439 1148 οὓς
1466 1101 1542 1144 ἔδει
1561 1102 1823 1144 παιδεύεσθαι

253 1192 418 1240 μᾶλλον
460 1192 535 1229 τῶν
578 1186 714 1228 ἄλλων
755 1211 807 1216 -
849 1183 1193 1232 ἀνουθέτητοι
1248 1184 1511 1225 διατελοῦσιν.
1566 1187 1607 1225 et
1656 1184 1826 1225 omnino

253 1269 479 1312 absurdum
521 1270 582 1309 est
619 1267 849 1321 sophistam
881 1265 1051 1321 regibus
1083 1264 1318 1314 νομοθετεῖν.
1383 1263 1585 1305 Videmus
1616 1265 1751 1320 igitur
1781 1264 1826 1304 in

252 1364 335 1392 uno
379 1350 569 1391 omnium
611 1347 967 1402 praestantissimo
1010 1344 1117 1386 libro
1161 1344 1372 1400 duplicem
1415 1344 1619 1386 fraudem.
1683 1343 1826 1385 Scriba

254 1430 357 1473 alias
388 1443 452 1471 res
483 1442 610 1485 agens
642 1428 890 1469 ΝΟΎθετεῖν
922 1427 965 1467 111
997 1427 1298 1467 ΝΟΜΟθετεῖν
1329 1425 1378 1467 de
1410 1439 1523 1466 more
1555 1425 1761 1467 convertit
1785 1426 1827 1466 et

253 1514 456 1554 corrector
487 1509 623 1550 futilis
653 1509 825 1550 haerens
855 1508 899 1548 in
931 1506 1069 1548 verbis
1101 1496 1321 1556 vomam-5721
1353 1507 1430 1552 τὰς
1458 1506 1686 1558 μοναρχίας
1716 1505 1824 1560 quod

252 1606 399 1634 sanum
423 1594 510 1633 erat
536 1590 614 1635 τοὶς
643 1587 871 1639 μοναρχίας
900 1589 944 1628 111
971 1592 1064 1633 ταῖς
1093 1587 1334 1638 μοναρχίαις
1364 1588 1548 1641 corrupit
1565 1589 1607 1628 et
1622 1587 1826 1629 vitiosum

252 1673 472 1722 νομοθετεῖν
504 1673 710 1712 intactum
741 1668 923 1723 reliquit.

314 1752 403 1804 Quo
447 1751 568 1806 plura
613 1750 762 1792 menda
803 1753 844 1790 et
887 1750 992 1790 vitia
1032 1750 1242 1790 communi
1281 1748 1515 1791 multorum
1546 1749 1755 1791 industria
1786 1753 1827 1791 et

253 1835 422 1890 ingenio
450 1847 499 1874 ex
525 1831 796 1886 scriptoribus
824 1829 992 1872 Graecis
1022 1829 1199 1872 feliciter
1229 1831 1428 1885 deprensa
1456 1836 1496 1872 et
1525 1830 1691 1873 sublata
1707 1835 1822 1880 sunt,

253 1929 300 1956 eo
331 1913 500 1955 facilius
530 1911 710 1966 reliqua,
747 1924 850 1964 quae
884 1910 1017 1952 adhuc
1049 1910 1264 1952 latuerunt
1297 1915 1368 1952 aut
1400 1911 1512 1952 male
1537 1915 1679 1953 curata
1706 1916 1824 1960 sunt,

252 1997 296 2037 in
356 1996 570 2050 integrum
634 1992 855 2047 aliquando
909 1993 1195 2032 restituentur.
1267 1991 1434 2032 Horum
1483 2006 1575 2046 pars
1622 1993 1824 2046 quaedam

254 2075 455 2123 ἁνηκέςως
490 2074 599 2125 ἔχει,
632 2074 705 2115 ubi
735 2072 908 2114 lacunae
941 2075 1102 2113 veteres
1134 2072 1335 2114 vocabula
1367 2072 1583 2127 complura
1616 2073 1825 2114 absorbse-

253 2159 373 2206 runt,
408 2159 480 2197 aut
514 2154 638 2209 (quod
672 2154 799 2194 etiam
832 2154 950 2207 peius
983 2156 1061 2201 est)
1089 2153 1285 2206 imperite
1313 2153 1502 2207 expletae
1527 2155 1617 2195 veri
1643 2154 1827 2209 vestigia

256 2237 395 2277 omnia
438 2235 697 2282 deleverunt;
742 2232 812 2274 sed
843 2231 1053 2287 permulta
1086 2231 1169 2274 alia
1201 2236 1358 2274 restant
1390 2234 1433 2274 in
1467 2234 1618 2288 quibus
1649 2234 1827 2276 feliciter

253 2318 474 2373 ingenium
506 2316 742 2370 experiaris.

312 2396 458 2451 Itaque
489 2396 603 2437 hisce
631 2410 681 2437 ex
708 2396 839 2437 animi
866 2395 1070 2437 sententia
1099 2396 1150 2437 ad
1173 2393 1296 2436 finem
1321 2395 1532 2450 perductis
1558 2409 1665 2437 novo
1683 2396 1826 2438 ardore

254 2475 555 2519 transeundum
589 2480 649 2517 est
680 2476 730 2517 ad
764 2475 858 2517 alia.

431 2640 593 2681 LEIDAE
1285 2636 1331 2677 O.
1366 2635 1417 2678 Θ.
1453 2634 1647 2679 COBET.

309 2736 366 2764 m.
403 2719 538 2775 Aprili
572 2717 698 2761 1878.
