1946 3298
819 163 845 205 3

105 289 260 330 Aratus
292 287 343 329 ad
373 287 623 342 Philippum
649 285 744 329 VII.
780 286 849 329 11.
881 301 979 344 pag.
1015 287 1100 330 559
1133 289 1267 331 Bekk.
1303 291 1335 332 εἰ
1368 294 1506 333 τοῦτον
1537 293 1620 350 (τὸν

49 358 292 411 Ἰθωμάτην)
352 358 608 408 καταλαβὼν
656 361 808 411 Φρουρᾷ
856 358 996 404 πάσας
1045 359 1276 401 άπολλύναι
1323 361 1490 410 μέλλεις
1539 364 1616 410 τὰς

46 427 280 480 ἀκροπόλεις
314 428 380 470 καὶ
415 430 485 477 τὴν
516 429 690 481 φρουράν
716 430 815 470 e*HN
847 428 1088 480 παρέλαβες
1115 430 1212 482 παρ’
1241 431 1472 482 Ἀντιγόνου
1500 437 1619 485 φρου-

46 500 262 551 ρούμενΟΟ
303 499 394 545 τοὺς
439 498 688 552 συμμάχους
726 499 875 551 (λέγων
919 499 990 547 τὴν
1024 500 1150 554 πίςιν)
1184 501 1324 543 σκόπει
1358 503 1416 552 μὴ
1449 504 1517 544 καὶ
1551 508 1616 546 νῦν

47 575 223 621 κρεῖττον
265 567 287 622 ᾖ
330 569 420 615 τοὺς
465 567 610 620 ἄνδρας
653 567 923 619 ἐξαγαγόντα
966 571 1038 618 τὴν
1071 571 1180 614 πίςιν
1212 573 1337 613 αὐτοῦ
1372 580 1619 616 καταλιπεῖν

48 642 116 683 καὶ
158 639 338 681 ταύΤΗΙ
381 641 561 691 φρουρεῖν
602 638 693 684 τοὺς
737 640 1001 687 Μεσσηνίους.
1064 640 1274 696 Impedita
1313 643 1415 685 haec
1450 648 1548 686 sunt
1580 650 1621 688 et

46 711 255 753 mendosa.
333 709 447 766 Lege
493 710 564 758 τὴν
610 709 785 761 φρουράν
826 707 907 751 ῗΗΙ
957 711 1195 763 παρέλαβες
1243 715 1338 763 παρ’
1387 715 1621 766 Ἀντιγόνου

47 778 403 834 φρουρουμένΟΤΟ
433 779 525 827 τοὺς
557 778 823 832 συμμάχους.

104 919 196 961 Lib.
231 918 306 961 IX.
340 918 410 961 42.
441 933 537 976 pag.
572 918 672 961 642.
705 919 840 961 Bekk.
873 920 1104 976 Aeginetae
1142 924 1262 976 capta
1296 924 1433 977 patria
1473 928 1623 979 petunt

45 1004 69 1032 a
110 993 297 1046 praetore
338 989 384 1030 P.
420 988 599 1032 Servilio
632 988 768 1032 Galba
800 997 1067 1042 συγχωρῆσαι
1099 992 1240 1043 σφίσιν
1278 991 1492 1044 ἐκπέμψαι
1526 996 1620 1047 πρὸς

43 1061 120 1106 τοὶς
162 1065 377 1111 συγγενεῖς
420 1059 559 1105 πόλεις
592 1059 680 1110 περὶ
713 1059 879 1110 λύτρων.
941 1060 1114 1103 Duriter
1141 1063 1383 1117 respondet:
1416 1062 1482 1106 ὅτε
1517 1064 1618 1114 ἦσαν

45 1132 177 1172 αὐτῶν
222 1129 340 1182 κύριοι
382 1129 476 1172 τότε
518 1130 598 1171 δεῖν
639 1130 1001 1181 διαπρεσβεύεσθαι
1047 1131 1140 1183 πρὸς
1174 1135 1264 1179 τοὺς
1298 1134 1498 1185 κρείττους
1532 1138 1620 1190 περὶ

44 1201 255 1252 σωτηρίας.
291 1226 344 1232 ——
378 1201 448 1242 καὶ
491 1200 584 1243 τότε
625 1201 699 1251 μὲν
731 1201 980 1253 άπέΤΡΕΞψε
1011 1202 1103 1249 τοὺς
1137 1203 1468 1256 ἐντυγχάνοντας
1501 1208 1625 1250 ταῦτ’

44 1273 173 1313 εἰπών.
224 1271 282 1313 Et
313 1269 430 1314 Geel.
464 1275 505 1314 et
536 1271 686 1313 Lucht.
721 1273 984 1314 coniecerunt
1016 1274 1331 1324 άπετρΙΨΑΤΟ
1360 1276 1450 1323 τοὺς
1480 1278 1621 1329 ἐντυγ-

44 1342 277 1394 χάνοντας,
313 1342 439 1396 idque
469 1342 687 1384 Bekkerus
717 1344 874 1397 recepit
904 1344 950 1383 in
977 1346 1157 1385 textum.
1220 1344 1300 1387 Sed
1326 1347 1625 1399 άποτρίβεσθαί

45 1429 81 1454 τι
131 1412 200 1454 vel
246 1411 336 1453 τινά
389 1412 448 1468 (id
490 1416 552 1453 est
591 1426 680 1454 rem
721 1412 907 1454 odiosam
951 1417 1024 1454 aut
1065 1414 1293 1456 molestum
1334 1416 1551 1461 hominem
1583 1421 1624 1462 vi

44 1484 210 1539 quadam
257 1498 281 1523 a
329 1497 369 1523 se
415 1484 623 1537 depellere)
666 1496 748 1524 non
790 1487 852 1524 est
894 1487 1042 1538 aptum
1085 1485 1339 1527 vocabulum
1383 1488 1432 1529 de
1468 1491 1625 1533 victore

46 1554 236 1595 Romano
268 1557 408 1608 captos
434 1553 573 1594 hostes
601 1553 704 1594 duro
732 1567 925 1608 responso
950 1555 1174 1596 reiioiente.
1224 1555 1431 1612 Polybius
1463 1559 1625 1603 dixerat

45 1625 308 1674 άπέΠΕΜψε
342 1623 432 1670 τοὺς
467 1622 824 1675 ἐντυγχάνοντας,
858 1624 985 1679 idque
1017 1638 1041 1666 a
1072 1624 1190 1667 Maio
1223 1630 1285 1668 est
1309 1627 1421 1670 male
1447 1629 1619 1673 lectum.

103 1762 195 1804 Lib.
225 1761 301 1804 XI.
339 1762 360 1803 1
381 1778 418 1804 a.
451 1776 548 1819 pag.
583 1761 682 1804 693,
716 1762 851 1805 Bekk.
887 1761 980 1810 ἴσως
1013 1763 1055 1806 δέ
1086 1781 1189 1811 τινες
1224 1765 1507 1819 ἐπιζητήσουσι
1539 1775 1621 1819 πῶς

46 1835 160 1882 ἡμεῖς
203 1835 244 1875 οὐ
287 1834 533 1884 προγραφὰς
578 1833 616 1874 ἐν
657 1832 791 1885 ταύτῃ
833 1840 881 1886 τῇ
924 1834 1063 1886 βίβλῳ
1102 1835 1283 1887 καθάπερ
1311 1838 1345 1878 οἱ
1379 1840 1451 1890 πρὸ
1486 1841 1620 1892 ἡμῶν,

44 1905 156 1945 ἄλλα
200 1903 305 1959 [καὶ]
343 1903 590 1954 προεκθέσεις
623 1904 712 1945 καθ’
743 1903 892 1951 ἑκάς-ην
924 1905 1195 1954 Ὀλυμπιάδα
1229 1909 1512 1960 πεποιήκαμεν
1544 1917 1621 1954 τῶν

43 1973 236 2026 πράξεων.
300 1973 428 2016 Recte
472 1972 645 2016 Geelius
684 1974 756 2016 καί
787 1977 1011 2030 expunxit,
1046 1977 1156 2030 quod
1186 1977 1404 2021 Bekkerus
1436 1983 1624 2025 restituit

43 2046 271 2087 sententiae
312 2058 493 2087 securus.
557 2044 652 2087 Non
699 2045 910 2087 intellexit
957 2049 1100 2087 autem
1148 2045 1321 2090 Geelius
1367 2051 1468 2104 quid
1513 2053 1624 2095 inter

44 2116 286 2167 προγραφήν
328 2118 369 2157 et
402 2115 627 2166 προέκθεσιν
659 2117 890 2157 interesset.
955 2116 1118 2171 Nempe
1151 2117 1376 2169 προέκθεσις
1409 2122 1454 2162 in
1485 2122 1622 2176 ipsam

42 2187 273 2227 orationem
315 2187 520 2227 intexitur
562 2189 604 2227 et
641 2189 703 2227 est
733 2200 828 2240 pars
860 2186 981 2240 libri,
1014 2189 1234 2238 προγραφή
1266 2193 1332 2242 (ut
1364 2190 1479 2233 Livii
1511 2207 1622 2235 sum-

42 2256 191 2311 maria)
235 2269 317 2297 non
357 2260 420 2297 est
459 2256 559 2297 libri
599 2270 694 2310 pars
726 2256 797 2297 sed
828 2257 874 2297 in
905 2256 1041 2298 fronte
1074 2258 1271 2299 adiicitur
1303 2263 1344 2301 et
1375 2261 1467 2304 ideo
1499 2263 1622 2306 facile

42 2327 185 2368 omitti
216 2329 257 2368 et
287 2325 451 2383 negligi
484 2329 524 2368 et
554 2327 686 2380 perire
711 2329 863 2381 potest.
912 2326 1075 2369 Diserte
1101 2328 1180 2370 hoc
1209 2330 1390 2372 ostendit
1417 2332 1623 2389 Polybius

41 2396 108 2437 his
150 2397 311 2438 verbis:
356 2402 427 2444 τῆς
461 2396 543 2447 γάρ
578 2397 840 2447 προεκθέσεως
873 2397 915 2438 οὐ
949 2398 1065 2447 μόνον
1098 2398 1411 2449 ἰσοδυναμούσκς
1444 2409 1493 2455 τῇ
1533 2420 1623 2455 προ-

43 2470 187 2519 γραφῇ
231 2466 345 2508 άλλοὶ
384 2466 452 2507 καὶ
480 2492 536 2497 -
559 2466 694 2518 χώραν
727 2467 899 2518 ἐχούσης
934 2468 1229 2520 άσφαλεςέραν
1273 2471 1358 2513 δια
1401 2473 1454 2513 τὸ
1497 2490 1623 2525 συμ-

43 2535 359 2588 πεπλέχθαι
407 2543 467 2587 τῇ
520 2540 884 2591 πραγματεία
936 2539 1061 2590 τούτῳ
1109 2543 1270 2588 μοῖλλον
1317 2542 1623 2593 ἐδοκιμάσαμεν

41 2607 216 2658 χρῆσθαι
259 2608 313 2659 τῷ
357 2606 464 2657 μέρει
509 2607 604 2658 πρὸς
648 2606 742 2655 ὅλην
786 2609 857 2656 τὴν
901 2607 1091 2658 σύνταξιν
1134 2612 1239 2658 πλὴν
1287 2617 1318 2653 Θ
1349 2617 1426 2654 τῶν
1459 2615 1620 2665 πρώτων

43 2677 238 2728 βιβλίων·
283 2678 322 2718 ἐν
369 2677 527 2723 ἐκείνοις
577 2678 659 2729 γάρ
692 2679 938 2731 προγραφὰς
971 2679 1263 2730 ἐποιησάμεθα.
1327 2682 1452 2726 Patet
1484 2683 1623 2728 Geelii

43 2761 154 2789 error
201 2749 272 2802 qui
317 2749 362 2789 in
411 2749 594 2804 quinque
641 2750 790 2803 primis
837 2749 958 2791 libris
1007 2750 1256 2802 προγραφάς
1298 2753 1433 2796 inesse
1480 2757 1623 2810 opina-

43 2818 181 2859 batur.
245 2817 387 2860 Simul
426 2823 543 2874 patet
589 2819 793 2861 mendum
840 2821 884 2861 in
930 2833 1119 2862 numero.
1185 2819 1461 2864 Scribendum
1510 2827 1622 2867 enim

45 2888 267 2931 manifesto
315 2892 377 2931 est
419 2890 524 2938 πλὴν
557 2896 573 2930 Ι
609 2888 741 2946 (δέκα)
776 2893 852 2931 τῶν
887 2888 1049 2942 πρώτων
1088 2890 1278 2941 βιβλίων.
1343 2891 1470 2936 Libro
1503 2896 1624 2937 unde-
