1946 3298
870 179 953 222 433

121 318 218 347 mus
262 306 371 361 apud
413 305 645 348 Diodorum
687 305 878 348 Siculum
910 305 966 347 X.
1001 303 1040 346 4.
1074 304 1366 346 testimonium
1399 303 1561 347 Timaei
1595 302 1691 361 (non

121 376 345 431 nominati)
385 376 486 418 hoc:
529 377 734 418 Διονυσίου
781 379 1060 428 τυραννοῦντος
1108 374 1269 419 Φιντίας
1317 390 1377 420 τις
1425 374 1693 426 Πυθαγόρειος

123 445 474 495 ἐπιβεβουλευκὼς
533 448 586 499 τῷ
633 447 805 498 τυράννῳ
854 444 1006 500 (Viden’
1051 443 1363 500 mendacium?)
1410 444 1572 495 μέλλων
1621 449 1694 491 τῆς

121 516 315 568 τιμωρίαις
358 516 809 568 τυγχάνειν-δώσειν
858 515 1006 568 ἔφησεν
1049 515 1256 565 ἐγγυητὴν
1298 518 1367 556 τοῦ
1411 515 1582 556 θανάτου
1615 518 1692 555 τῶν

120 585 251 638 φίλων
285 584 376 637 ἕνα,
411 590 452 628 et
483 588 529 628 in
561 586 663 628 fine:
698 589 909 636 θαυμαςῆς
946 585 986 626 δὲ
1018 591 1090 633 τῆς
1125 586 1269 637 Φιλίας
1303 586 1501 638 φανείσης
1535 584 1690 628 ἅπασιν

119 656 325 697 οὶπέλυσεν
370 659 505 713 (quasi
544 660 779 709 nocentem)
826 657 842 697 ὂ
888 655 1088 701 Διονύσιος
1131 661 1201 704 τῆς
1241 656 1434 708 τιμωρίαις
1468 656 1535 697 τὸν
1567 656 1694 705 ἐγκα-

119 724 309 774 λούμενον
343 727 409 767 καὶ
443 727 700 778 παρεκάλεσε
732 727 824 772 τοὺς
856 726 1003 777 ἄνδρας
1035 726 1164 778 τρίτον
1197 726 1337 768 ἑαυτὸν
1365 727 1420 773 εἷς
1448 728 1519 775 την
1545 726 1692 779 φιλίαν

118 796 440 847 προσλαβέσθαι,
503 796 548 838 Si
591 797 805 839 constabat
849 797 1068 838 Phintiam
1110 796 1313 853 Dionysio
1341 812 1507 851 parasse
1537 811 1690 846 necem,

119 865 347 907 absurdum
390 870 452 908 est
493 868 582 908 eius
626 869 836 909 amicitiae
878 871 1108 923 tyrannum
1147 867 1343 922 cupidum
1380 867 1518 908 fuisse.
1583 865 1694 908 Satis

119 939 207 977 erat
238 936 304 977 illi
335 951 509 992 poenam
544 941 584 978 et
617 937 872 992 supplicium
906 939 1132 979 remittere.

177 1007 304 1050 Hunc
344 1009 485 1062 ipsum
527 1007 692 1049 Timaei
727 1011 825 1061 (non
855 1008 1078 1060 nominati)
1112 1007 1253 1049 locum
1284 1007 1432 1049 Latine
1464 1008 1592 1050 vertit
1625 1004 1692 1048 Oi-

118 1090 210 1119 cero
251 1079 299 1119 de
347 1078 421 1134 Off.
464 1077 539 1119 III.
586 1077 652 1118 10.
699 1078 721 1132 ξ
764 1076 830 1118 45.
888 1078 1101 1118 Damonem
1131 1082 1167 1118 et
1197 1077 1404 1118 Phintiam
1433 1078 1694 1132 Pytkayoreos

106 1147 257 1203 ferunt
297 1149 367 1189 Ιιοο
407 1148 536 1188 animo
578 1148 682 1188 inter
713 1163 753 1188 se
773 1148 912 1203 fnisse
941 1153 986 1188 nt
1016 1163 1131 1203 quum
1164 1163 1292 1189 eornm
1326 1149 1445 1189 alteri
1475 1148 1692 1201 Dionysius

117 1222 308 1273 tyrannus
345 1219 444 1258 diem
477 1219 580 1259 necis
611 1218 883 1259 destinavisset
917 1244 967 1248 —
1004 1233 1072 1259 vas
1090 1219 1237 1274 factu-s
1268 1224 1323 1260 est
1356 1220 1461 1259 alter
1495 1244 1548 1250 —
1582 1223 1625 1259 nt
1657 1218 1693 1260 si

117 1287 187 1329 ille
227 1303 303 1330 non
343 1288 562 1329 revertisset
603 1288 843 1329 moriendum
881 1292 976 1329 esset
1017 1288 1104 1342 ipsi.
1175 1289 1253 1340 Qui
1294 1304 1409 1344 quum
1440 1290 1494 1329 ad
1523 1289 1623 1330 diem
1655 1303 1695 1330 se

117 1359 321 1412 recepisset
352 1359 570 1399 admiratus
602 1374 730 1399 eornm
752 1360 878 1413 fidem
910 1369 1100 1413 tyrannus
1123 1359 1243 1411 petiit
1268 1364 1311 1399 nt
1336 1374 1376 1400 se
1403 1361 1457 1400 ad
1482 1359 1695 1400 amicitiam

117 1429 274 1470 tertiam
314 1430 588 1470 adscriberent.
650 1428 776 1470 Vides
818 1432 1071 1483 quantopere
1112 1429 1213 1470 haec
1256 1443 1279 1471 a
1307 1443 1405 1471 vero
1437 1430 1693 1472 deflexerint.

119 1499 238 1550 Quod
281 1499 478 1541 simulate
521 1499 725 1555 agebatur
767 1513 915 1540 verum
956 1499 1083 1540 fuisse
1124 1503 1329 1541 narratur.
1392 1500 1585 1542 Phintias
1622 1503 1693 1555 ty-

117 1583 244 1611 ranno
286 1570 458 1611 insidias
500 1570 701 1611 struxisse
744 1569 898 1610 dicitur
940 1573 981 1610 et
1022 1584 1190 1622 „pancos
1229 1570 1306 1610 sibi
1347 1570 1430 1611 dies
1461 1571 1698 1611 ordinando-

116 1654 202 1680 rum
241 1654 397 1680 suornm
438 1654 555 1680 cansa
589 1638 868 1693 postnlav=isse''
903 1636 1093 1694 (Cicero).
1159 1637 1399 1681 Constituta
1431 1640 1497 1682 die
1529 1638 1644 1686 ἅπας
1677 1641 1694 1682 ὅ

118 1709 240 1759 δῆμος
275 1709 529 1761 συνέδραμεν.
566 1709 636 1759 ἤδη
671 1710 710 1751 δὲ
743 1714 815 1757 τῆς
848 1707 949 1760 ὥρας
985 1709 1277 1759 συγκλειούσης
1311 1709 1464 1756 παντες
1492 1711 1564 1760 μὲν
1593 1711 1695 1751 οἷπε-

118 1780 367 1831 γίγνωσκον,
415 1781 431 1822 ὁ
477 1780 516 1821 δὲ
561 1781 725 1826 Φιντίας
769 1780 997 1825 οένελπίςως
1033 1780 1096 1821 ἐπὶ
1129 1785 1200 1828 τῆς
1236 1780 1418 1832 ἐσχάτης
1451 1784 1520 1822 τοῦ
1553 1780 1695 1833 χρόνου

118 1853 237 1903 ῥοπῆς
270 1851 452 1902 δρομαῖος
483 1847 598 1897 ἦλθεν
632 1854 700 1891 τοῦ
736 1850 933 1900 Δάμωνος
967 1850 1235 1900 απαγομένου
1267 1851 1361 1902 πρὸς
1394 1853 1465 1899 την
1492 1852 1693 1902 ανάγκην.

119 1921 366 1977 (Timaeus).
419 1920 541 1963 Nihil
584 1921 813 1976 quidquam
845 1923 889 1962 in
926 1921 992 1962 his
1021 1923 1109 1962 veri
1142 1925 1214 1963 est.
1279 1921 1473 1964 Phintias
1504 1921 1698 1978 Dionysii

118 1991 386 2034 simulatione
419 1992 615 2046 deceptus
643 1996 684 2033 et
710 2005 853 2033 necem
883 1992 963 2032 sibi
988 1993 1142 2032 instare
1169 1993 1363 2046 opinatus
1392 1992 1554 2042 ἠξίωσεν
1584 1993 1693 2045 αὐτῷ

117 2063 271 2110 δοθῆναι
314 2064 368 2104 τὸ
408 2063 592 2104 λοιπὸν
636 2066 730 2108 τῆς
776 2061 983 2112 ἡμέρας
1015 2061 1294 2111 -ἐγγυητην
1338 2063 1582 2109 καταςήσας
1628 2062 1696 2104 τὸν

119 2133 314 2181 Δάμωνα.
382 2131 487 2173 Tota
517 2145 581 2173 res
619 2135 710 2173 acta
741 2132 785 2172 in
816 2133 933 2187 regia
967 2134 1028 2172 est
1060 2131 1214 2186 populo
1247 2133 1471 2182 insciente,
1507 2136 1548 2174 et
1577 2133 1695 2174 habi-

117 2204 262 2245 tabant
307 2202 499 2243 Phintias
544 2205 585 2244 et
616 2201 781 2243 Damon
811 2202 856 2242 in
888 2202 1005 2243 urbe.
1044 2200 1152 2247 ὄντος
1187 2201 1219 2242 δ’
1256 2202 1324 2250 ἤδη
1359 2205 1428 2243 τοῦ
1463 2202 1574 2251 ἡλίου
1607 2203 1693 2255 περὶ

118 2273 274 2323 δυσμὰς
310 2272 400 2322 ἧκεν
438 2272 455 2313 5
491 2273 654 2318 Φιντίας
688 2271 1010 2321 ἀποθανούμενος
1049 2272 1374 2326 (Aristoxenus).

328 2348 363 2384 et
395 2342 424 2383 c’
458 2347 513 2383 est
535 2346 729 2396 peartant
762 2341 868 2382 ainsi
899 2356 971 2396 qne
1003 2340 1081 2382 Z'on
1112 2342 1209 2382 ecrit
1240 2341 1444 2383 Z'bistoire.

177 2414 301 2456 Nacti
333 2417 422 2455 tam
454 2414 612 2455 bonum
643 2416 797 2454 testem
830 2411 959 2453 simul
992 2411 1114 2467 quale
1142 2412 1268 2453 fuerit
1297 2412 1493 2469 Dionysii
1520 2415 1695 2457 minoris

116 2486 336 2541 ingenium
379 2483 540 2538 liquido
580 2482 877 2539 intelligimus.
942 2482 1207 2537 Quamquam
1230 2486 1369 2538 *pater
1416 2486 1601 2539 primum
1645 2485 1695 2528 de

117 2554 323 2596 industria
362 2555 496 2609 ipsius
542 2557 738 2595 naturam
772 2553 1016 2607 depravavit
1050 2550 1084 2604 1)
1116 2556 1156 2594 et
1187 2554 1275 2608 ipse
1306 2567 1487 2610 regnum
1519 2555 1694 2611 adeptus

163 2749 200 2793 1)
224 2750 414 2782 Plutarchus
436 2750 469 2780 in
494 2749 595 2779 Dione
618 2759 682 2790 cap.
711 2749 766 2779 IX.
793 2746 888 2787 φύσει
911 2748 975 2788 ’γαρ
1003 2746 1057 2779 οὐκ
1083 2745 1227 2787 ἐγεγόνει
1249 2750 1312 2780 τῶν
1340 2747 1556 2789 φαυλοτάτων
1582 2749 1696 2791 τυράν-

119 2821 173 2840 νων
200 2809 215 2839 ὁ
243 2806 400 2844 Διονύσιος
427 2803 504 2838 ἀλλ’
533 2806 549 2837 ὁ
575 2807 681 2847 πατὴρ
710 2805 851 2844 δεδοικὼς
878 2808 921 2846 μὴ
948 2807 1147 2848 φρονήματος
1174 2809 1369 2847 μεταλαβὼν
1385 2825 1427 2829 —
1444 2806 1696 2849 ἐπιβουλεύσειεν

119 2866 207 2909 αὑτῷ
225 2885 265 2889 —-
282 2865 420 2909 ἐφρούρει
446 2865 661 2906 κατάκλειςον
689 2865 762 2898 οἴκοι
793 2863 833 2898 δι’
859 2864 987 2908 ἐρημίαν
1016 2867 1140 2907 ὁμιλίαις
1167 2865 1277 2907 ἑτέρας
1303 2867 1357 2898 καὶ
1378 2867 1520 2910 ἀπειρίαν
1542 2868 1694 2910 πραγμά-

120 2939 202 2965 των,
230 2926 268 2964 ὥς
295 2931 410 2967 φασιν,
436 2924 557 2966 ἁμάξια
583 2925 635 2960 καὶ
662 2924 785 2967 δίφρους
812 2924 951 2966 Ξυλίνους
978 2927 1031 2958 καὶ
1056 2924 1216 2967 τραπέζας
1244 2929 1491 2967 τεκταινόμενον.

313 2998 367 3028 11.
1462 2984 1503 3013 28
