1946 3298
953 187 1041 230 244

210 333 286 359 των
333 316 594 368 πολεμήσειν.
659 315 751 358 Non
799 315 878 359 hoc
924 315 1064 371 potuit
1111 312 1246 355 dicere
1294 326 1366 355 rex
1412 313 1664 364 Persarum,
1712 314 1784 358 sed

209 394 374 430 ΜΕΤΑ
406 392 481 430 τῶν
513 385 788 430 εὐδοκούντων.
819 387 864 428 id
897 389 959 428 est
991 399 1033 427 se
1065 399 1148 425 eum
1181 384 1232 424 iis
1259 385 1332 439 qui
1363 397 1509 440 pacem
1541 385 1785 440 probassent

211 463 252 502 et
284 461 537 515 accepissent
569 474 680 499 arma
712 457 910 500 adversus
943 470 1011 499 eos
1043 454 1363 497 consociaturum.

270 599 365 641 Lib.
411 597 525 640 XIV.
575 597 671 640 112.
717 596 758 640 3.
803 603 949 646 -τῆς
993 594 1212 650 τιμωρίας,
1258 588 1302 641 ἣν
1346 595 1455 647 αὐτῷ
1501 594 1545 636 τὸ
1586 594 1786 646 δαιμόνιον

207 670 339 722 ἐκείνῳ
380 667 586 720 συντόμως
630 668 875 716 ε’πιΟΤήο-ει.
938 666 1059 710 Nihil
1101 669 1163 709 est
1193 667 1265 714 τὴν
1296 665 1406 713 δίκην
1439 670 1513 708 aut
1545 666 1616 715 τὴν
1649 682 1779 717 τιμω-

210 741 297 793 ρίαν
350 739 573 794 ἐφιςαναι,
619 753 764 782 omnes
811 741 856 781 in
903 752 950 781 ea
998 752 1040 780 re
1089 736 1305 779 ἐπιτιθέναι
1353 736 1560 780 dicebant.
1641 737 1789 792 Itaque

214 811 411 860 ἐπιΘήσει
444 810 768 853 restituendum.

271 952 365 994 Lib.
409 950 500 993 XV.
545 949 585 992 2.
631 951 669 994 3.
711 950 883 1003 ἕκυρίευε
914 949 953 992 δὲ
992 948 1243 1007 (Euagoras)
1280 948 1393 991 κατὰ
1424 949 1499 1000 μὲν
1529 948 1602 997 τὴν
1634 946 1788 1001 Κύπρον

216 1027 291 1065 τῶν
325 1022 480 1064 πόλεων
513 1020 660 1075 σχεδόν
691 1037 730 1062 τι
763 1021 808 1063 τὸ
844 1026 1072 1076 ΠΛΕΟΝ,
1106 1020 1219 1062 κατα
1252 1020 1292 1061 δὲ
1323 1021 1394 1068 τὴν
1428 1020 1606 1069 Φοινίκην
1644 1021 1788 1072 Τύρου.

213 1092 456 1135 Articulum
499 1094 545 1135 in
587 1093 632 1134 τὸ
676 1093 798 1134 πλέον
840 1094 1026 1147 optimus
1068 1091 1176 1134 liber
1219 1093 1410 1142 omittit,
1451 1091 1561 1134 unde
1610 1092 1790 1148 emergit

215 1178 314 1207 vera
347 1163 473 1207 lectio
507 1163 654 1217 σχεδόν
686 1178 724 1204 τι
758 1168 977 1205 ΠΑΕΩΝ.

272 1304 366 1346 Lib.
402 1303 494 1346 XV.
530 1303 569 1346 3.
605 1303 645 1346 4.
678 1303 895 1360 Euagoras
927 1304 1000 1359 qui
1033 1303 1233 1345 ducentas
1259 1316 1388 1345 naves
1415 1302 1589 1345 bellicas
1612 1302 1794 1345 habebat

215 1381 399 1429 συνεχεῖς
447 1375 692 1427 ΔΙΑπείρας
738 1374 806 1416 καὶ
853 1373 1090 1425 γυμνασίας
1134 1373 1365 1424 ποιούμενος
1412 1372 1652 1425 ἡτοιμάζετο
1699 1373 1794 1425 πρὸς

215 1447 472 1500 ναυμαχίαν.
527 1445 775 1489 Constantei·
807 1459 953 1488 omnes
984 1447 1028 1487 in
1062 1459 1110 1487 ea
1141 1459 1185 1487 re
1218 1445 1412 1487 dicebant
1444 1445 1793 1495 ἈΝΑπειρᾶσθαι

216 1522 257 1561 et
289 1518 511 1571 ἀναπείρας
548 1517 800 1568 ποιούμενος,
837 1516 948 1572 quod
980 1515 1163 1559 Diodoro
1196 1515 1469 1558 reddendum.
1505 1516 1557 1557 cf.
1597 1514 1711 1557 XIII.
1752 1514 1794 1556 8.

215 1590 252 1631 ἐν
297 1590 351 1642 τῷ
395 1589 520 1641 μικρῷ
564 1587 694 1638 λιμένι
739 1588 816 1634 τοὶς
857 1587 1083 1638 ἀναπείρας
1119 1587 1343 1641 ἐποιοῦντο,
1377 1588 1451 1628 ubi
1483 1587 1580 1629 vide
1611 1585 1668 1627 H.
1704 1585 1794 1628 Ste-

213 1662 342 1716 phani
387 1664 428 1702 et
470 1659 742 1716 Wesselingii
784 1661 944 1702 notam.
1011 1657 1332 1710 Ἀναπειροῖο-θαι
1378 1672 1424 1700 eo
1457 1672 1580 1700 sensu
1612 1657 1793 1713 probum

212 1736 253 1774 et
284 1732 519 1787 antiquum.
583 1730 639 1772 Et
670 1729 936 1786 Thucydides
969 1732 1010 1771 et
1041 1728 1345 1771 Demosthenes
1376 1730 1438 1770 ita
1468 1728 1713 1784 loquuntur.

273 1873 366 1915 Lib.
409 1871 501 1914 XV.
547 1870 587 1913 6.
631 1869 670 1912 5.
714 1870 764 1913 de
804 1869 1038 1912 Philoxeno
1080 1871 1174 1920 μετ’
1218 1869 1355 1921 ὀλίγον
1398 1869 1438 1912 δὲ
1477 1873 1554 1912 τῶν
1584 1870 1792 1923 γνωρίμων

217 1942 329 2001 [ἅμα
372 1943 440 1985 καὶ
484 1946 552 1985 τοῦ
598 1942 820 1997 Διονυσίου]
866 1941 1196 1993 παραιτουμένων
1237 1941 1311 1989 τὴν
1352 1939 1515 1993 ἄκαιρον
1553 1941 1792 1994 παρρησίαν.

214 2015 318 2059 Dele
364 2014 562 2070 putidum
610 2012 819 2055 emblema
864 2027 961 2054 cum
1009 2014 1070 2054 rei
1109 2019 1260 2054 natura
1302 2016 1344 2054 et
1386 2012 1582 2069 Dionysii
1624 2014 1794 2070 ingenio

215 2099 420 2143 pugnans.
485 2083 728 2126 Absurdum
772 2087 834 2125 est
866 2082 1151 2125 Philoxenum
1183 2084 1265 2139 ipsi
1298 2086 1477 2140 tyranno
1514 2083 1703 2139 polliceri
1733 2085 1795 2126 ita

217 2171 258 2199 se
301 2156 514 2198 dicturum
557 2158 605 2196 ut
643 2158 684 2197 et
716 2169 815 2197 vera
845 2154 1085 2209 loqueretur
1116 2168 1248 2210 neque
1280 2154 1475 2210 Dionysii
1508 2156 1701 2196 animum
1735 2155 1794 2197 of-

216 2227 415 2270 fenderet.
478 2226 599 2268 Dixit
633 2229 776 2267 autem
810 2225 890 2266 sibi
924 2239 970 2267 ea
1002 2227 1188 2267 carmina
1220 2224 1357 2278 οἰκτροὶ
1391 2240 1478 2268 esse
1509 2226 1657 2269 videri.
1712 2226 1795 2268 No-

214 2304 309 2341 tum
354 2302 415 2339 est
457 2294 600 2339 Catuli
642 2296 805 2338 dictum
839 2296 948 2351 apud
981 2294 1224 2338 Ciceronem
1257 2298 1305 2338 de
1344 2296 1507 2338 Oratore
1538 2295 1593 2338 II.
1630 2296 1699 2339 69.
1728 2313 1794 2339 ne-

218 2370 354 2411 minem
376 2372 475 2423 puto
508 2383 587 2409 esse
620 2375 698 2408 tam
726 2368 892 2416 darum,
927 2367 991 2407 eui
1018 2382 1094 2408 non
1123 2368 1249 2409 oratio
1276 2373 1343 2409 tua
1372 2368 1592 2409 miseranda
1618 2371 1703 2409 visa
1727 2371 1794 2410 sit.

217 2440 299 2493 Qui
331 2440 366 2481 si
398 2439 607 2481 omisisset
638 2442 715 2479 tam
748 2438 891 2478 durum
922 2436 1073 2479 salsius
1107 2438 1236 2479 etiam
1269 2437 1455 2479 dixisset.

277 2580 371 2622 Lib.
405 2577 496 2620 XV.
535 2577 602 2619 10.
639 2578 678 2619 l.
712 2577 877 2622 δικαςαὶ
913 2576 1101 2626 δόξαντες
1134 2581 1267 2624 κακῶς
1300 2578 1440 2628 κρίνειν
1473 2576 1616 2630 ζῶντες
1658 2576 1796 2627 ἐξεδά-

219 2667 342 2704 ρηο-αν
384 2649 453 2691 καὶ
495 2649 590 2698 ὑπὲρ
624 2652 700 2690 τῶν
734 2649 946 2692 δικαςικῶν
985 2648 1132 2701 δίφρων
1161 2646 1457 2700 περιτΕΞθέντων
1484 2652 1561 2689 τῶν
1586 2647 1793 2700 δερμάτων

220 2722 284 2764 ἐπὶ
328 2719 477 2762 τούτων
510 2718 690 2771 ἐδίκαζον
724 2721 756 2760 οἱ
788 2719 970 2763 δικαςαί.
1034 2719 1261 2775 Proprium
1293 2720 1338 2760 in
1370 2732 1417 2761 ea
1449 2733 1492 2760 re
1524 2719 1702 2761 verbum
1735 2723 1796 2761 est

220 2791 450 2846 περιτείνειν
483 2789 538 2831 τοὶ
572 2788 781 2842 δέρματα,
817 2791 1091 2845 quamobrem
1124 2789 1421 2842 περιτΑθέντων
1455 2803 1604 2832 verum
1637 2794 1713 2833 est.

279 2933 371 2976 Lib.
416 2930 506 2974 XV.
549 2928 614 2973 16.
652 2929 692 2972 3.
727 2930 758 2972 οἱ
792 2929 832 2971 δὲ
865 2929 932 2972 δια
966 2931 1036 2979 τὴν
1071 2927 1227 2978 *Sti-AN
1261 2929 1519 2980 πεπτωκότες
1554 2937 1646 2980 ταῖς
1681 2931 1793 2974 ἐλπί-
