1946 3298
911 164 966 208 25

148 299 245 350 pag.
280 291 364 334 406
399 307 432 334 c.
467 289 562 339 οἶνος
597 291 655 334 ὅτι
690 291 836 334 οἴεσθαι
881 294 967 332 νοῦν
1001 290 1110 342 ἔχειν
1153 297 1260 333 ποιεῖ
1297 296 1372 333 τῶν
1408 292 1595 336 πινόντων
1628 293 1719 342 τοὺς

152 363 326 410 πολλοὺς
354 364 423 404 οὐκ
449 362 623 414 ἔχοντας
658 362 857 409 οἰόνους
892 361 1117 404 δικαιότατ’
1147 361 1195 404 ἂν
1221 368 1409 413 καλοῖτο,
1446 367 1487 405 et
1512 379 1605 421 pag.
1637 364 1721 406 409

148 435 188 476 b.
226 433 417 491 (Σελήνη)
454 431 512 475 ὅτι
546 433 674 481 σέλας
706 433 785 475 νέον
818 450 864 475 τε
897 432 964 474 καὶ
994 430 1075 474 ἕνον
1107 431 1195 486 ἔχει
1238 433 1301 475 οΞεὶ
1336 434 1723 476 σελαενονεοέεια

151 505 225 556 μὲν
257 504 483 547 δικαιότατ’
520 504 568 547 ἂν
603 509 791 546 καλοῖτο.
824 507 865 546 et
895 517 993 560 pag.
1028 503 1127 545 404.
1161 519 1195 546 c.
1230 505 1247 545 ὁ
1281 504 1490 555 νομοθέτης
1522 504 1588 546 τὸν
1623 504 1724 557 οέέρα

149 575 277 628 ’Ἠραν
321 575 523 626 ὠνόμασεν
566 575 643 622 θεὶς
686 577 757 624 την
799 575 930 627 ἀρχὴν
975 573 1039 616 ἐπὶ
1083 576 1299 624 τελευτήν.
1348 577 1472 631 (ΑΗΡ
1508 601 1562 606 -
1598 575 1723 631 ΗΡΑ)

152 646 286 696 γνοίης
315 646 348 687 δ’
379 645 429 687 ἂν
457 647 488 688 εἶ
514 645 716 693 πολλάκις
751 644 887 696 λέγοις
918 645 962 686 τὸ
996 651 1067 693 τῆς
1094 645 1222 697 “Ἠρας
1251 644 1377 696 ὄνομα
1412 650 1562 704 (ΗΡΑ,
1597 652 1725 695 ΗΡΛ,

152 717 292 774 ΗΡΑ).
355 717 680 772 Aristophanem
711 729 785 772 pro
817 714 985 758 Socrate
1017 716 1160 758 audire
1193 721 1234 758 te
1264 720 1410 773 putes:

452 786 665 838 μόλωμεν,
701 786 825 835 αὐτό,
859 786 1075 841 μόλωμεν,
1111 788 1414 839 αὐτομολῶμεν.

213 858 316 910 Quis
349 859 454 900 serio
498 858 580 900 dici
613 857 751 899 credet
783 870 879 914 pag.
918 856 1018 898 406.
1052 857 1092 899 b.
1129 859 1329 910 ’Ἄρτεμις
1364 857 1573 914 appellata
1610 860 1677 901 est
1704 859 1725 907 ἡ

152 929 219 970 τὸν
252 928 388 980 ἄροτον
424 929 639 979 μισήσασα
671 927 738 969 τὸν
774 927 910 979 ἀνδρὸς
945 928 984 968 ἐν
1015 926 1206 978 γυναικίῗ
1249 932 1322 970 aut
1363 943 1459 986 pag.
1495 928 1594 971 421.
1629 930 1669 971 b.
1704 932 1725 978 ἡ

153 1000 326 1049 ἀλήθεια
357 1001 406 1047 ὡς
440 1000 525 1042 θεία
553 997 653 1041 οὖσα
686 997 781 1046 ἄλη.
845 999 1005 1052 Nemo,
1040 1000 1207 1054 opinor,
1241 999 1488 1042 mortalium
1521 1002 1609 1042 sine
1639 1003 1727 1043 risu

152 1071 254 1113 haec
285 1071 424 1127 legere
455 1071 608 1126 poterit
641 1073 714 1112 aut
745 1068 895 1111 saltem
927 1068 1124 1125 relegere.

212 1141 394 1196 Reliqua
420 1142 562 1183 omnia
583 1139 717 1182 nihilo
749 1142 846 1181 sunt
877 1139 990 1181 hisce
1017 1141 1192 1181 saniora.
1238 1140 1325 1181 Aut
1359 1140 1600 1196 desipientis
1626 1142 1728 1183 haec

154 1215 252 1255 sunt
293 1214 365 1253 aut
407 1211 706 1267 desipientium
746 1212 955 1252 insaniam
996 1211 1195 1262 εἰρωνικῶς
1233 1212 1487 1268 exagitantis
1497 1226 1507 1263 ,·
1551 1226 1633 1254 non
1666 1216 1730 1255 est

152 1285 289 1341 igitur
321 1283 523 1339 ambigua
553 1284 680 1338 optio.
744 1281 1027 1337 Euthyphron
1057 1282 1074 1323 ὁ
1107 1281 1414 1333 Προσπαλτιος,
1456 1283 1654 1325 obscurus
1688 1286 1730 1325 et

152 1355 313 1397 nemini
344 1357 468 1395 notus
500 1352 716 1408 Sopfflsta,
749 1352 859 1394 unde
885 1352 987 1394 haec
1018 1351 1198 1394 mirifica
1227 1354 1431 1408 sapientia
1467 1355 1505 1408 (ἡ
1540 1354 1728 1404 δαιμονία

154 1423 259 1473 αὕτη
305 1423 449 1481 σοφία)
500 1424 636 1465 omnis
676 1437 866 1464 manasse
908 1426 1123 1472 narratur,
1164 1425 1320 1479 passim
1364 1424 1487 1465 dictis
1529 1424 1730 1467 aculeatis

154 1495 390 1539 vellicatur.
453 1495 568 1537 Audi
599 1493 813 1535 Socratem
845 1507 939 1550 pag.
977 1492 1061 1534 396
1095 1494 1134 1535 d.
1168 1495 1228 1535 ita
1260 1494 1488 1536 dicentem:
1533 1496 1728 1546 αἰτιῶμαι

154 1567 321 1617 μάλιςα
371 1565 542 1622 (ταύτην
583 1566 654 1613 την
696 1563 863 1621 σοφίαν)
908 1564 986 1605 ἀπ’
1036 1565 1285 1618 Εὐθύφρονος
1329 1569 1397 1607 τοῦ
1440 1567 1727 1618 Προσπαλτίου

154 1634 515 1688 προσπεπτωκέναι
558 1650 651 1686 μοι.
696 1633 810 1675 ἕωθεν
843 1634 925 1687 γαρ
966 1635 1106 1677 πολλοὶ
1139 1636 1249 1688 αὐτῷ
1292 1641 1388 1684 συνῆ
1421 1636 1489 1677 καὶ
1532 1643 1728 1690 παρεῖχον

153 1708 208 1750 τοὶ
241 1705 347 1749 ὦτα.
381 1705 591 1749 κινδυνεύει
623 1702 687 1747 οὖν
720 1706 918 1748 ἐνθουσιῶν
951 1707 993 1748 οὐ
1036 1705 1153 1757 μόνον
1185 1707 1240 1748 τα
1280 1704 1365 1748 εἶτα
1397 1723 1474 1758 μου
1511 1708 1727 1758 ἐμπλῆσαι

154 1784 225 1828 τῆς
259 1778 471 1829 δαιμονίας
504 1777 655 1831 σοφίας
689 1778 805 1819 οξλλα
837 1777 904 1818 καὶ
939 1784 1011 1827 τῆς
1045 1781 1185 1830 ψυχῆς
1221 1779 1492 1832 ἐπειλῆφθαι.
1529 1779 1637 1822 δοκεῖ
1666 1777 1729 1822 οὖν

153 1866 219 1901 μοι
253 1855 401 1901 χρῆναι
434 1872 491 1880 --
523 1849 567 1890 τὸ
600 1848 673 1900 μὲν
704 1849 872 1900 τήμερον
906 1846 1004 1890 εἶναι
1036 1850 1269 1900 χρησασθαι
1303 1850 1409 1903 αὐτῇ
1449 1874 1498 1880 ——
1533 1851 1663 1902 αὔριον
1691 1851 1730 1892 δὲ

156 1918 599 1970 ἀποδιοπομπησόμεθά
640 1935 685 1960 τε
730 1919 858 1967 αὐτην
900 1919 967 1961 καὶ
1002 1920 1306 1972 καθαρούμεθα.
1351 1924 1392 1962 et
1422 1935 1519 1978 pag.
1556 1921 1655 1964 399.
1690 1937 1729 1966 a.

154 1998 204 2045 τῇ
239 1994 309 2033 τοῦ
343 1990 593 2043 Εὐθύφρονος
630 1990 817 2044 ε’πιπνοία
851 1991 1051 2045 πιςεύειςη
1086 1994 1127 2032 et
1158 1990 1418 2047 lepidissime
1450 2006 1545 2049 pag.
1576 1992 1661 2036 407
1692 1994 1732 2036 d.

155 2062 242 2114 περὶ
288 2062 335 2105 δὲ,
361 2059 497 2102 ἄλλων
533 2059 582 2103 ὧν
615 2077 728 2102 τινων
764 2060 904 2111 βούλει
940 2060 1155 2113 πρόβαλλέ
1187 2078 1254 2112 μοι
1298 2061 1433 2114 ὄφρα
1476 2062 1624 2112 ἴδηαι
1666 2061 1732 2106 οἷοι

154 2131 406 2185 Εὐθύφρονος
440 2129 569 2173 ἵπποι.
633 2131 716 2183 Qui
747 2130 963 2174 Socratem
1002 2133 1106 2174 bene
1146 2134 1264 2176 novit
1295 2135 1453 2189 passim
1485 2135 1530 2175 in
1561 2135 1628 2176 his
1660 2141 1731 2183 τῆς

158 2208 416 2256 Σωκρατικῆς
458 2202 654 2254 εἰρωνείας
698 2204 881 2259 vestigia
923 2207 1035 2245 certa
1075 2205 1279 2259 impressa
1320 2204 1506 2259 videbit,
1550 2209 1598 2246 ut
1636 2219 1734 2262 pag.

159 2274 259 2316 401.
287 2274 326 2315 d.
360 2274 428 2315 καὶ
463 2276 600 2314 ταῦτα
632 2273 706 2324 μὲν
741 2273 785 2322 δη
820 2274 952 2326 ταύτη
984 2276 1033 2320 ὠς
1067 2274 1181 2326 παρα
1214 2275 1336 2325 μηδὲν
1369 2274 1528 2317 εἷδότων
1562 2276 1734 2328 εἰρήσθω.

157 2347 312 2401 Aperte
354 2346 538 2387 cernitur
577 2346 622 2386 in
654 2344 836 2386 Socratis
879 2345 1242 2402 magniloquentia
1280 2359 1377 2402 pag.
1408 2344 1508 2388 410.
1541 2361 1576 2388 e.
1611 2346 1735 2399 πόρρω

159 2417 254 2466 ἤδη,
287 2412 422 2471 οἶμαι,
455 2416 657 2469 φαίνομαι
691 2416 841 2469 σοφίας
877 2415 1081 2458 ἐλαύνειν.
1118 2420 1159 2458 et
1195 2430 1291 2472 pag.
1331 2416 1434 2458 428.
1469 2417 1504 2458 d.
1542 2418 1736 2471 θαυμάζω

161 2486 228 2528 καὶ
263 2486 386 2532 αὐτὸς
419 2486 554 2528 πάλαι
588 2487 659 2534 τὴν
693 2487 871 2537 ἐμαυτοῦ
906 2486 1056 2540 σοφίαν
1085 2487 1153 2529 καὶ
1182 2488 1330 2531 οΞπιςῶ.
1377 2488 1576 2543 Apertius
1610 2490 1738 2531 etiam

159 2572 254 2614 pag.
293 2556 391 2598 399.
427 2571 463 2599 a.
497 2557 566 2598 καὶ
600 2557 805 2598 κινδυνεύω
840 2558 907 2599 εὀὶν
940 2558 998 2608 μη
1031 2558 1278 2608 εὐλαβῶμαι
1314 2556 1372 2599 ἔτι
1405 2559 1575 2610 τήμερον
1608 2559 1740 2613 σοφώ-

162 2644 271 2681 τερος
303 2631 372 2670 τοῦ
407 2627 560 2676 δέοντος
593 2628 796 2678 γενέσθαι.
859 2628 1056 2671 Potestne
1100 2629 1274 2670 facetius
1317 2628 1443 2670 illudi
1482 2629 1664 2672 futilitas
1698 2634 1740 2672 et

162 2701 224 2741 rei
256 2702 297 2741 et
323 2699 544 2741 hominum
578 2699 782 2754 quidquid
813 2700 857 2740 in
883 2700 1059 2742 buccam
1086 2701 1248 2743 venerit
1272 2703 1428 2742 temere
1457 2700 1739 2743 effutientium

160 2784 287 2826 quam
330 2770 491 2812 factum
535 2773 597 2812 est
636 2784 733 2827 pag.
769 2769 870 2812 499.
905 2785 938 2812 e.
981 2771 1013 2812 εἰ
1047 2770 1086 2812 δὲ
1119 2770 1286 2829 βούλει,
1329 2769 1404 2823 ἔχε
1442 2770 1594 2823 ἠρέμα·
1644 2772 1739 2814 δοκῶ

160 2841 241 2892 γοὶρ
275 2841 345 2892 μοί
377 2857 416 2883 τι
450 2842 619 2893 καθοροῖν
663 2840 924 2893 πιθανώτερον
957 2842 1098 2883 τούτου
1131 2845 1213 2887 τοῖς
1255 2841 1368 2894 ἀμφὶ
1402 2841 1666 2897 Εὐθύφρονα,
1700 2846 1741 2883 et

162 2911 307 2953 eodem
342 2911 485 2954 aculeo
517 2926 613 2968 pag.
649 2910 751 2955 407.
789 2926 824 2953 c.
857 2909 966 2960 οὗτος
994 2912 1067 2963 μὲν
1096 2910 1221 2953 παντὶ
1257 2911 1374 2960 δῆλος
1410 2917 1560 2959 Φαῖςος
1593 2911 1663 2952 ὤν.
1697 2919 1739 2954 Β.
