1946 3298
866 188 953 233 *93

138 312 383 366 ἐνεχόμενος
425 315 567 356 τὸν-
593 315 790 364 δεσπότην
839 315 1128 369 ὀνομαζόμενον
1175 316 1243 359 καὶ
1293 317 1374 358 θεὸν
1421 320 1533 371 παρα
1582 324 1705 362 πᾶσιν

104 427 107 429 .
134 383 310 432 Ἕλλησι
342 386 409 427 καὶ
441 387 666 439 βαρβάροις
692 413 744 418 -
771 387 944 439 ἐρεθίζων
977 386 1162 438 ἄντικρυς
1191 388 1257 428 καὶ
1287 388 1343 429 τοὶ
1371 390 1567 439 προσόντα
1593 393 1704 431 κακα

136 455 178 496 οὐ
222 455 383 504 μέλλων
422 460 486 498 νῦν
527 458 624 509 ἐρεῖν
657 460 676 507 ἢ
713 458 889 509 γραΦειν
921 458 1020 498 αλλ’
1054 458 1211 508 εἰρηκὼς
1245 458 1314 506 ἤδη
1349 459 1416 499 καὶ
1453 461 1699 512 γεγραφώς,

135 539 303 580 prorsus
345 529 555 569 nescimus
596 529 747 582 quibus
787 529 953 581 scriptis
994 527 1287 569 Domitianum
1326 531 1555 571 irritaverit
1587 532 1707 584 eique

135 598 242 639 vitia
284 611 329 639 ac
371 598 525 639 scelera
555 598 864 653 exprobaverit,
901 607 941 639 et
974 599 1009 638 si
1041 599 1140 653 quid
1172 599 1321 649 fuerit,
1355 599 1528 641 latuisse
1561 602 1706 654 opinor

136 672 373 709 monstrum
415 672 456 709 et
497 673 738 723 portentum
782 669 987 718 hominis,
1033 671 1105 724 qui
1149 683 1237 711 sese
1269 671 1479 711 Domitium
1511 671 1710 726 Deumque

136 738 187 779 ab
221 739 415 779 omnibus
447 739 647 794 appellari
679 739 815 781 voluit
846 742 887 780 et
918 740 1006 793 ipse
1038 753 1080 780 se
1110 741 1171 782 ita
1204 741 1389 782 vocabat.
1455 740 1627 783 Sueton.
1664 743 1709 783 in

135 808 282 849 Domit.
324 808 391 850 13.
428 809 640 851 Martialis
670 809 719 851 V.
752 808 791 850 8.

556 881 738 922 Edictum
770 881 934 921 Domini
963 881 1114 936 Deique
1144 883 1281 923 nostri.

197 948 254 990 Ut
295 951 479 1005 suspicer
520 951 712 992 nonnihil
754 965 796 992 se
839 953 883 992 in
914 965 961 993 ea
992 966 1036 993 re
1067 951 1245 994 Dionem
1277 955 1431 996 iactare
1463 955 1562 997 facit
1593 955 1709 997 locus

135 1033 233 1076 pag.
271 1019 372 1062 217.
405 1021 479 1062 ubi
511 1021 560 1062 de
586 1023 766 1062 miseriis
793 1026 1068 1078 tyrannorum
1094 1024 1329 1080 tragoedias
1358 1026 1438 1066 ciet
1464 1028 1710 1080 praesertim

137 1103 303 1141 eorum,
348 1088 425 1133 ὅσοι
471 1097 629 1133 πολλῶν
671 1092 824 1133 πόλεων
867 1092 1037 1144 ἄρχουσι
1080 1093 1147 1135 καὶ
1184 1095 1296 1135 ἐθνῶν
1330 1096 1399 1136 καὶ
1435 1097 1598 1148 απείρου
1631 1101 1709 1146 γῆς

135 1157 266 1214 ὥσπερ
294 1186 346 1191 -
372 1176 497 1217 quem
529 1163 742 1204 dicturum
769 1161 916 1218 putas?
963 1177 1014 1205 an
1041 1163 1359 1207 Domitianum?
1407 1169 1585 1208 minime
1613 1181 1712 1223 gen-

133 1233 245 1273 tium
270 1230 476 1284 -ὥσπερ
520 1234 536 1274 ὁ
578 1238 652 1274 τῶν
695 1238 851 1285 Περσῶν
893 1234 1119 1284 βασιλεύς,
1167 1236 1216 1277 (16
1260 1250 1363 1291 quo,
1407 1238 1552 1291 credo,
1586 1251 1709 1280 nemo

143 1303 355 1359 cogitabat
367 1316 377 1353 ,·
428 1307 552 1358 atque
599 1303 673 1345 illa
720 1304 893 1359 quidem
941 1305 1017 1346 sub
1057 1305 1234 1348 Traiano
1277 1309 1429 1362 scripta
1465 1316 1571 1349 sunt.
1637 1308 1714 1350 Est

137 1377 278 1414 autem
310 1375 355 1414 in
387 1374 524 1416 verbis
555 1373 702 1416 Dionis
734 1377 887 1417 vitium
923 1377 1085 1425 μέλλων
1120 1377 1217 1428 ἐρεῖν
1250 1379 1270 1425 ἢ
1307 1378 1483 1428 γράφειν
1512 1392 1584 1433 pro
1611 1379 1712 1430 γρα-

138 1450 248 1485 Ψειν.
312 1443 552 1486 Sexcenties
594 1450 628 1497 φ
672 1451 713 1487 et
752 1450 784 1495 ψ
826 1447 935 1487 inter
977 1460 1019 1487 56
1063 1447 1259 1488 confundi
1300 1450 1520 1489 novimus:
1554 1451 1711 1503 passim

135 1528 329 1569 praesens
361 1521 402 1557 et
433 1515 627 1557 futurum
658 1517 767 1557 inter
799 1530 841 1557 se
870 1516 1011 1558 locum
1037 1521 1202 1558 mutare
1230 1519 1396 1559 scimus.
1449 1517 1552 1570 Quis
1579 1521 1714 1576 igitur

135 1587 241 1627 serio
272 1586 411 1627 credet
442 1585 622 1628 Dionem
655 1587 751 1637 ἐρεῖν
784 1591 825 1628 et
859 1586 1034 1638 γράφειν
1066 1586 1355 1629 coniunxisse?

193 1656 352 1698 Eadem
396 1670 519 1712 opera
563 1659 825 1713 corrigamus
856 1657 998 1699 locum
1030 1658 1104 1699 ubi
1134 1672 1176 1699 56
1207 1658 1316 1700 Dion
1350 1674 1454 1699 mmo
1486 1666 1586 1702 certe
1616 1675 1716 1703 Vera

140 1727 276 1787 dicere
305 1727 517 1782 praedicat
547 1726 667 1769 Tom.
699 1727 758 1769 ΙΙ.
791 1742 887 1784 pag.
922 1727 1023 1771 257.
1057 1729 1283 1772 πιςεύσατε
1314 1731 1364 1775 ὡς
1394 1733 1459 1770 νῦν
1487 1735 1584 1780 γοῦν
1612 1733 1713 1779 ozan-

136 1798 206 1844 θῶς
250 1799 330 1848 ἐγὼ
373 1798 506 1852 λέγω,
539 1812 621 1841 11011
653 1813 790 1839 revera
821 1798 892 1840 sed
923 1814 1013 1839 vem
1046 1799 1160 1849 dico,
1193 1801 1344 1856 inquit.
1409 1800 1553 1857 ltaque
1585 1803 1714 1851 ἀληθῆ

133 1882 215 1910 non
249 1869 418 1917 ἀληθῶς.

197 2009 315 2052 Tom.
363 2009 416 2051 II.
460 2024 554 2066 pag.
604 2009 703 2052 235.
740 2008 819 2062 ἔφη
855 2009 889 2051 δ’
925 2008 987 2052 οὖν
1020 2026 1079 2056 τις·
1115 2008 1174 2051 ὅτι
1209 2012 1275 2052 καὶ
1311 2012 1356 2053 τὸ
1390 2019 1521 2060 κακῶς
1557 2016 1715 2058 οέκούειν

138 2084 274 2126 καλῶς
316 2084 505 2122 ποιοῦντα
540 2081 606 2122 καὶ
641 2084 758 2122 τοῦτο
790 2082 1005 2131 βασιλικόν
1035 2082 1128 2125 ἐςιν.
1194 2082 1462 2125 Celebratum
1496 2086 1607 2140 apud
1638 2086 1715 2128 Ve-

137 2155 244 2193 teres
286 2151 447 2193 dictum
490 2152 601 2206 apud
633 2151 791 2194 multos
823 2151 1003 2209 legitur,
1037 2166 1139 2207 quos
1171 2154 1375 2196 indicavit
1406 2155 1632 2212 Menagius
1664 2158 1716 2199 ad

135 2221 260 2278 Diog.
304 2221 441 2263 Laert.
484 2221 557 2264 VI.
595 2221 633 2263 3.
670 2227 711 2264 et
743 2222 1039 2279 Wyttenbach.
1076 2224 1127 2265 ad
1157 2224 1273 2266 Plut.
1307 2238 1346 2279 p.
1386 2224 1465 2267 181
1486 2239 1521 2267 r.
1559 2229 1631 2281 qui
1664 2241 1714 2269 ex

135 2292 398 2334 Antisthenis
439 2291 620 2349 Dialogo
662 2292 773 2349 Cyro
815 2298 1006 2334 sumtum
1050 2307 1138 2335 esse
1178 2296 1409 2337 rectissime
1454 2295 1626 2353 collegit
1663 2311 1714 2339 611

136 2361 320 2417 Epicteti
345 2362 518 2404 Dissert.
547 2362 618 2404 IV.
648 2362 687 2404 6.
717 2363 758 2404 τί
785 2362 846 2405 οὖν
874 2363 987 2414 λέγει
1017 2365 1290 2414 Ἀντιο-θένηςς
1319 2365 1498 2407 οὐδέποτ’
1517 2366 1712 2417 ἤκουσας;

138 2432 373 2488 Βασιλικόν7
407 2431 433 2474 ὦ
470 2436 591 2486 Κῦρε,
626 2433 819 2486 πράττειν
853 2434 927 2484 μὲν
959 2431 1025 2485 εὖ,
1061 2441 1194 2481 κακῶς
1227 2436 1259 2477 δ’
1294 2437 1465 2478 οὶκούειν.

199 2570 419 2614 Gallorum
462 2572 642 2614 Druidas
689 2586 1020 2615 commemorans
1065 2576 1126 2615 ita
1172 2575 1317 2616 scribit
1362 2574 1442 2617 Dio
1490 2575 1609 2618 Tom.
1658 2577 1712 2620 II.

137 2657 174 2698 p.
213 2641 312 2683 249.
355 2643 499 2684 Κελτοὶ
534 2643 574 2684 δὲ
605 2640 666 2690 οὓς
700 2643 934 2696 ὀνομάζουσι
970 2645 1150 2696 Δρυΐδας
1177 2670 1231 2676 -
1259 2643 1307 2686 ὧν
1342 2645 1437 2687 ἄνευ
1471 2652 1553 2693 τοῖς
1584 2647 1712 2697 βασι-

135 2717 270 2755 λεῦσιν
311 2714 417 2756 οὐδὲν
457 2713 547 2763 ἐξῆν
590 2714 782 2766 πράττειν
823 2715 911 2756 οὐδὲ
941 2715 1229 2766 βουλεύεσθαι,
1264 2714 1339 2760 ὥςε
1374 2716 1418 2757 τὸ
1451 2717 1525 2766 μὲν
1560 2718 1706 2766 οέληθὲς

140 2783 306 2831 ἐκείνους
350 2784 514 2837 ἄρχειν,
560 2786 648 2831 τοὺς
689 2785 727 2827 δὲ
767 2785 973 2836 βασιλέας
1007 2789 1138 2828 αὐτῶν
1173 2787 1372 2837 ὑπηρέτας
1407 2788 1474 2829 καὶ
1508 2789 1711 2837 διακόνους

141 2856 354 2905 γίγνεσθαι
397 2861 468 2903 τῆς
511 2856 673 2906 γνώμης
717 2857 754 2896 ἐν
796 2857 933 2908 θρόνοις
977 2863 1142 2908 χρυσοῖς
1186 2857 1429 2908 καθημένους
1472 2859 1539 2900 καὶ
1585 2860 1710 2907 οἰκίας

140 2925 338 2976 μεγάλας·
396 2925 599 2973 οἰκοῦντας
658 2927 726 2968 καὶ
775 2933 1059 2969 πολυτΙΜΩΕ
1106 2928 1427 2981 εὐωχουμένους,
1477 2942 1560 2971 11011
1603 2935 1714 2973 recte
