<?xml version="1.0" encoding="UTF-8"?>
<!DOCTYPE html PUBLIC "-//W3C//DTD XHTML 1.0 Transitional//EN"
    "http://www.w3.org/TR/xhtml1/DTD/xhtml1-transitional.dtd">
<html xmlns="http://www.w3.org/1999/xhtml" xml:lang="en" lang="en">
 <head>
  <title>
</title>
<meta http-equiv="Content-Type" content="text/html;charset=utf-8" />
  <meta name='ocr-system' content='tesseract 3.04.00' />
  <meta name='ocr-capabilities' content='ocr_page ocr_carea ocr_par ocr_line ocrx_word'/>
</head>
<body>
  <div class='ocr_page' id='page_1' title='image "./collectaneacriti00cobeuoft_0085.png"; bbox 0 0 1946 3298; ppageno 0'>
   <div class='ocr_carea' id='block_1_1' title="bbox 860 147 914 192">
    <p class='ocr_par' dir='ltr' id='par_1_1' title="bbox 860 147 914 192">
     <span class='ocr_line' id='line_1_1' title="bbox 860 147 914 192; baseline 0.037 -2"><span class='ocrx_word' id='word_1_1' title='bbox 860 147 914 192; x_wconf 80' lang='lat'><em>67</em></span> 
     </span>
    </p>
   </div>
   <div class='ocr_carea' id='block_1_2' title="bbox 98 271 1671 540">
    <p class='ocr_par' dir='ltr' id='par_1_2' title="bbox 98 271 1671 540">
     <span class='ocr_line' id='line_1_2' title="bbox 158 271 1670 332; baseline 0.002 -17"><span class='ocrx_word' id='word_1_2' title='bbox 158 273 261 331; x_wconf 81' lang='lat' dir='ltr'>Pag.</span> <span class='ocrx_word' id='word_1_3' title='bbox 298 274 399 316; x_wconf 89' lang='lat'>441.</span> <span class='ocrx_word' id='word_1_4' title='bbox 434 274 528 326; x_wconf 80' lang='grc' dir='ltr'><em>ὑπὲρ</em></span> <span class='ocrx_word' id='word_1_5' title='bbox 561 271 651 315; x_wconf 75' lang='grc' dir='ltr'><em>ὅτου</em></span> <span class='ocrx_word' id='word_1_6' title='bbox 683 289 743 320; x_wconf 85' lang='grc' dir='ltr'><em>τις</em></span> <span class='ocrx_word' id='word_1_7' title='bbox 777 274 898 321; x_wconf 77' lang='grc' dir='ltr'><em>τιμην</em></span> <span class='ocrx_word' id='word_1_8' title='bbox 929 272 1094 315; x_wconf 86' lang='grc' dir='ltr'><em>δέδωκεν</em></span> <span class='ocrx_word' id='word_1_9' title='bbox 1128 274 1365 330; x_wconf 56' lang='grc' dir='ltr'><em>[ἀργύριον]</em></span> <span class='ocrx_word' id='word_1_10' title='bbox 1429 277 1575 332; x_wconf 80' lang='lat' dir='ltr'>Inepte</span> <span class='ocrx_word' id='word_1_11' title='bbox 1605 273 1670 320; x_wconf 84' lang='lat' dir='ltr'><em>bis</em></span> 
     </span>
     <span class='ocr_line' id='line_1_3' title="bbox 98 344 1669 404; baseline 0.001 -18"><span class='ocrx_word' id='word_1_12' title='bbox 98 345 212 386; x_wconf 90' lang='lat' dir='ltr'>idem</span> <span class='ocrx_word' id='word_1_13' title='bbox 245 345 411 386; x_wconf 88' lang='lat' dir='ltr'>dicitur.</span> <span class='ocrx_word' id='word_1_14' title='bbox 474 344 652 386; x_wconf 82' lang='lat' dir='ltr'>Perinde</span> <span class='ocrx_word' id='word_1_15' title='bbox 686 348 748 386; x_wconf 87' lang='lat' dir='ltr'><em>est</em></span> <span class='ocrx_word' id='word_1_16' title='bbox 779 344 965 394; x_wconf 72' lang='grc' dir='ltr'><em>αργύριον</em></span> <span class='ocrx_word' id='word_1_17' title='bbox 997 344 1206 386; x_wconf 71' lang='grc' dir='ltr'><em>δεδωκέναι</em></span> <span class='ocrx_word' id='word_1_18' title='bbox 1240 349 1281 387; x_wconf 90' lang='lat' dir='ltr'>et</span> <span class='ocrx_word' id='word_1_19' title='bbox 1313 347 1459 400; x_wconf 75' lang='grc' dir='ltr'><em>τιμήν,</em></span> <span class='ocrx_word' id='word_1_20' title='bbox 1490 351 1539 387; x_wconf 90' lang='lat' dir='ltr'>ut</span> <span class='ocrx_word' id='word_1_21' title='bbox 1573 362 1669 404; x_wconf 89' lang='lat' dir='ltr'>pag.</span> 
     </span>
     <span class='ocr_line' id='line_1_4' title="bbox 100 413 1671 472; baseline 0.002 -17"><span class='ocrx_word' id='word_1_22' title='bbox 100 414 200 456; x_wconf 80' lang='lat'>455.</span> <span class='ocrx_word' id='word_1_23' title='bbox 236 415 330 465; x_wconf 80' lang='grc' dir='ltr'><em>ὑπὲρ</em></span> <span class='ocrx_word' id='word_1_24' title='bbox 359 413 447 455; x_wconf 71' lang='grc' dir='ltr'><em>ὅτου</em></span> <span class='ocrx_word' id='word_1_25' title='bbox 475 414 660 465; x_wconf 65' lang='grc' dir='ltr'><em>ἀργύριόν</em></span> <span class='ocrx_word' id='word_1_26' title='bbox 689 430 748 462; x_wconf 87' lang='grc' dir='ltr'><em>τις</em></span> <span class='ocrx_word' id='word_1_27' title='bbox 778 418 845 455; x_wconf 81' lang='grc' dir='ltr'><em>τοῦ</em></span> <span class='ocrx_word' id='word_1_28' title='bbox 874 413 1061 463; x_wconf 82' lang='grc' dir='ltr'><em>σώματος</em></span> <span class='ocrx_word' id='word_1_29' title='bbox 1091 415 1351 470; x_wconf 85' lang='grc' dir='ltr'><em>κατέβαλεν,</em></span> <span class='ocrx_word' id='word_1_30' title='bbox 1380 416 1451 458; x_wconf 90' lang='lat' dir='ltr'><em>sed</em></span> <span class='ocrx_word' id='word_1_31' title='bbox 1478 419 1671 472; x_wconf 90' lang='lat' dir='ltr'>componi</span> 
     </span>
     <span class='ocr_line' id='line_1_5' title="bbox 99 488 618 540; baseline 0 -15"><span class='ocrx_word' id='word_1_32' title='bbox 99 489 326 539; x_wconf 90' lang='lat' dir='ltr'>utrumque</span> <span class='ocrx_word' id='word_1_33' title='bbox 357 499 438 527; x_wconf 92' lang='lat' dir='ltr'><em>non</em></span> <span class='ocrx_word' id='word_1_34' title='bbox 469 488 618 540; x_wconf 91' lang='lat' dir='ltr'>potest.</span> 
     </span>
    </p>
   </div>
   <div class='ocr_carea' id='block_1_3' title="bbox 100 621 1669 748">
    <p class='ocr_par' dir='ltr' id='par_1_3' title="bbox 100 621 1669 748">
     <span class='ocr_line' id='line_1_6' title="bbox 157 621 1669 680; baseline 0.001 -16"><span class='ocrx_word' id='word_1_35' title='bbox 157 623 263 680; x_wconf 90' lang='lat' dir='ltr'>Pag.</span> <span class='ocrx_word' id='word_1_36' title='bbox 306 622 406 664; x_wconf 89' lang='lat'>444.</span> <span class='ocrx_word' id='word_1_37' title='bbox 449 624 570 665; x_wconf 80' lang='lat' dir='ltr'>scrib.</span> <span class='ocrx_word' id='word_1_38' title='bbox 615 623 632 663; x_wconf 80' lang='grc' dir='ltr'><em>ὃ</em></span> <span class='ocrx_word' id='word_1_39' title='bbox 676 626 833 673; x_wconf 82' lang='grc' dir='ltr'><em>Περσῶν</em></span> <span class='ocrx_word' id='word_1_40' title='bbox 877 623 1076 674; x_wconf 85' lang='grc' dir='ltr'><em>βασιλεὺς</em></span> <span class='ocrx_word' id='word_1_41' title='bbox 1117 621 1221 671; x_wconf 72' lang='grc' dir='ltr'><em>ὅπως</em></span> <span class='ocrx_word' id='word_1_42' title='bbox 1266 621 1344 673; x_wconf 77' lang='grc' dir='ltr'><em>ἕξει</em></span> <span class='ocrx_word' id='word_1_43' title='bbox 1376 622 1528 674; x_wconf 75' lang='grc' dir='ltr'><em>μόνΟΟ</em></span> <span class='ocrx_word' id='word_1_44' title='bbox 1561 623 1669 676; x_wconf 74' lang='grc' dir='ltr'><em>ὄρθην</em></span> 
     </span>
     <span class='ocr_line' id='line_1_7' title="bbox 100 692 889 748; baseline -0.001 -14"><span class='ocrx_word' id='word_1_45' title='bbox 100 710 170 741; x_wconf 89' lang='grc' dir='ltr'><em>την</em></span> <span class='ocrx_word' id='word_1_46' title='bbox 201 709 342 744; x_wconf 86' lang='grc' dir='ltr'><em>τιαραν</em></span> <span class='ocrx_word' id='word_1_47' title='bbox 377 692 581 746; x_wconf 74' lang='grc' dir='ltr'><em>ἐφρόντιζε</em></span> <span class='ocrx_word' id='word_1_48' title='bbox 612 706 685 748; x_wconf 87' lang='lat' dir='ltr'><em>pro</em></span> <span class='ocrx_word' id='word_1_49' title='bbox 718 692 889 742; x_wconf 88' lang='grc' dir='ltr'><em>μόνΟΝ.</em></span> 
     </span>
    </p>
   </div>
   <div class='ocr_carea' id='block_1_4' title="bbox 99 831 1671 958">
    <p class='ocr_par' dir='ltr' id='par_1_4' title="bbox 99 831 1671 958">
     <span class='ocr_line' id='line_1_8' title="bbox 158 831 1671 888; baseline 0.002 -15"><span class='ocrx_word' id='word_1_50' title='bbox 158 832 265 888; x_wconf 81' lang='lat' dir='ltr'>Pag.</span> <span class='ocrx_word' id='word_1_51' title='bbox 301 831 400 873; x_wconf 85' lang='lat'>445.</span> <span class='ocrx_word' id='word_1_52' title='bbox 436 831 548 882; x_wconf 74' lang='grc' dir='ltr'><em>ἤρετο</em></span> <span class='ocrx_word' id='word_1_53' title='bbox 581 831 704 872; x_wconf 79' lang='grc' dir='ltr'><em>αὐτὸν</em></span> <span class='ocrx_word' id='word_1_54' title='bbox 738 831 874 872; x_wconf 76' lang='grc' dir='ltr'><em>ὁπόθεν</em></span> <span class='ocrx_word' id='word_1_55' title='bbox 907 834 1022 872; x_wconf 79' lang='grc' dir='ltr'><em>τοῦτο</em></span> <span class='ocrx_word' id='word_1_56' title='bbox 1058 832 1269 875; x_wconf 75' lang='grc' dir='ltr'><em>ἕπίςατΑΙ</em></span> <span class='ocrx_word' id='word_1_57' title='bbox 1299 838 1376 874; x_wconf 91' lang='grc' dir='ltr'><em>ΤΟ</em></span> <span class='ocrx_word' id='word_1_58' title='bbox 1413 832 1500 885; x_wconf 77' lang='grc' dir='ltr'><em>περὶ</em></span> <span class='ocrx_word' id='word_1_59' title='bbox 1528 833 1671 885; x_wconf 82' lang='grc' dir='ltr'><em>αὑτοῦ,</em></span> 
     </span>
     <span class='ocr_line' id='line_1_9' title="bbox 99 901 979 958; baseline 0 -14"><span class='ocrx_word' id='word_1_60' title='bbox 99 902 416 958; x_wconf 85' lang='lat' dir='ltr'>corrigendum:</span> <span class='ocrx_word' id='word_1_61' title='bbox 453 903 687 945; x_wconf 81' lang='grc' dir='ltr'><em>ἐπίςΑΙΤΟ</em></span> <span class='ocrx_word' id='word_1_62' title='bbox 722 901 808 954; x_wconf 74' lang='grc' dir='ltr'><em>περὶ</em></span> <span class='ocrx_word' id='word_1_63' title='bbox 841 903 979 944; x_wconf 82' lang='grc' dir='ltr'><em>αὑτοῦ.</em></span> 
     </span>
    </p>
   </div>
   <div class='ocr_carea' id='block_1_5' title="bbox 99 1040 1673 1379">
    <p class='ocr_par' dir='ltr' id='par_1_5' title="bbox 99 1040 1673 1379">
     <span class='ocr_line' id='line_1_10' title="bbox 158 1040 1673 1098; baseline 0.002 -15"><span class='ocrx_word' id='word_1_64' title='bbox 158 1042 261 1084; x_wconf 86' lang='lat' dir='ltr'>Post</span> <span class='ocrx_word' id='word_1_65' title='bbox 303 1056 435 1097; x_wconf 86' lang='lat' dir='ltr'>pauca</span> <span class='ocrx_word' id='word_1_66' title='bbox 465 1056 505 1097; x_wconf 91' lang='lat' dir='ltr'><em>p.</em></span> <span class='ocrx_word' id='word_1_67' title='bbox 540 1040 642 1083; x_wconf 85' lang='lat'>446.</span> <span class='ocrx_word' id='word_1_68' title='bbox 677 1041 771 1098; x_wconf 87' lang='lat' dir='ltr'>lege</span> <span class='ocrx_word' id='word_1_69' title='bbox 804 1040 914 1094; x_wconf 77' lang='grc' dir='ltr'><em>ἔχοις</em></span> <span class='ocrx_word' id='word_1_70' title='bbox 948 1041 998 1083; x_wconf 70' lang='grc' dir='ltr'><em>ἂν</em></span> <span class='ocrx_word' id='word_1_71' title='bbox 1030 1043 1157 1084; x_wconf 75' lang='grc' dir='ltr'><em>εἰπεῖν</em></span> <span class='ocrx_word' id='word_1_72' title='bbox 1186 1041 1304 1084; x_wconf 82' lang='lat' dir='ltr'>‘&#39;OTI</span> <span class='ocrx_word' id='word_1_73' title='bbox 1340 1042 1438 1098; x_wconf 90' lang='lat' dir='ltr'>(non</span> <span class='ocrx_word' id='word_1_74' title='bbox 1470 1045 1521 1096; x_wconf 84' lang='grc' dir='ltr'><em>εἷ)</em></span> <span class='ocrx_word' id='word_1_75' title='bbox 1554 1043 1598 1094; x_wconf 78' lang='grc' dir='ltr'><em>ἐξ</em></span> <span class='ocrx_word' id='word_1_76' title='bbox 1629 1043 1673 1086; x_wconf 76' lang='grc' dir='ltr'><em>οὗ</em></span> 
     </span>
     <span class='ocr_line' id='line_1_11' title="bbox 103 1111 1673 1168; baseline 0.003 -15"><span class='ocrx_word' id='word_1_77' title='bbox 103 1112 229 1166; x_wconf 78' lang='grc' dir='ltr'><em>φησὶν</em></span> <span class='ocrx_word' id='word_1_78' title='bbox 273 1112 399 1159; x_wconf 82' lang='grc' dir='ltr'><em>ἐκείνη</em></span> <span class='ocrx_word' id='word_1_79' title='bbox 443 1112 486 1152; x_wconf 82' lang='grc' dir='ltr'><em>ἐκ</em></span> <span class='ocrx_word' id='word_1_80' title='bbox 527 1111 668 1153; x_wconf 83' lang='grc' dir='ltr'><em>τούτου</em></span> <span class='ocrx_word' id='word_1_81' title='bbox 702 1111 902 1167; x_wconf 69' lang='grc' dir='ltr'><em>γέγοναςς</em></span> <span class='ocrx_word' id='word_1_82' title='bbox 937 1115 977 1154; x_wconf 88' lang='lat' dir='ltr'>et</span> <span class='ocrx_word' id='word_1_83' title='bbox 1006 1127 1046 1168; x_wconf 89' lang='lat' dir='ltr'><em>p.</em></span> <span class='ocrx_word' id='word_1_84' title='bbox 1081 1112 1182 1156; x_wconf 81' lang='grc'><strong>447.</strong></span> <span class='ocrx_word' id='word_1_85' title='bbox 1214 1128 1287 1168; x_wconf 90' lang='lat' dir='ltr'><em>pro</em></span> <span class='ocrx_word' id='word_1_86' title='bbox 1321 1114 1592 1164; x_wconf 73' lang='grc' dir='ltr'><em>διαβεβαιοῑΟ</em></span> <span class='ocrx_word' id='word_1_87' title='bbox 1623 1131 1673 1158; x_wconf 78' lang='lat' dir='ltr'><em>ex</em></span> 
     </span>
     <span class='ocr_line' id='line_1_12' title="bbox 104 1181 1672 1237; baseline 0.002 -12"><span class='ocrx_word' id='word_1_88' title='bbox 104 1183 283 1225; x_wconf 88' lang='lat' dir='ltr'>lectione</span> <span class='ocrx_word' id='word_1_89' title='bbox 324 1184 476 1237; x_wconf 88' lang='lat' dir='ltr'>optimi</span> <span class='ocrx_word' id='word_1_90' title='bbox 523 1181 688 1224; x_wconf 89' lang='lat' dir='ltr'>Codicis</span> <span class='ocrx_word' id='word_1_91' title='bbox 729 1182 992 1232; x_wconf 82' lang='grc' dir='ltr'><em>διαβεβαιὈΙ</em></span> <span class='ocrx_word' id='word_1_92' title='bbox 1042 1184 1218 1225; x_wconf 88' lang='lat' dir='ltr'>emenda</span> <span class='ocrx_word' id='word_1_93' title='bbox 1264 1185 1512 1234; x_wconf 78' lang='grc' dir='ltr'><em>διαβεβαιοῖ.</em></span> <span class='ocrx_word' id='word_1_94' title='bbox 1576 1186 1672 1228; x_wconf 89' lang='lat' dir='ltr'><em>Non</em></span> 
     </span>
     <span class='ocr_line' id='line_1_13' title="bbox 100 1252 1672 1311; baseline 0.002 -16"><span class='ocrx_word' id='word_1_95' title='bbox 100 1255 213 1295; x_wconf 88' lang='lat' dir='ltr'>enim</span> <span class='ocrx_word' id='word_1_96' title='bbox 272 1253 561 1303; x_wconf 77' lang='grc' dir='ltr'><em>διαβεβαιοῦν,</em></span> <span class='ocrx_word' id='word_1_97' title='bbox 610 1253 681 1294; x_wconf 87' lang='lat' dir='ltr'><em>sed</em></span> <span class='ocrx_word' id='word_1_98' title='bbox 729 1252 1068 1303; x_wconf 77' lang='grc' dir='ltr'><em>διαβεβαιοῦσθαι</em></span> <span class='ocrx_word' id='word_1_99' title='bbox 1116 1255 1161 1294; x_wconf 88' lang='lat' dir='ltr'><em>in</em></span> <span class='ocrx_word' id='word_1_100' title='bbox 1206 1268 1287 1295; x_wconf 87' lang='lat' dir='ltr'><em>usu</em></span> <span class='ocrx_word' id='word_1_101' title='bbox 1333 1258 1418 1309; x_wconf 82' lang='lat' dir='ltr'>est,</span> <span class='ocrx_word' id='word_1_102' title='bbox 1465 1258 1515 1297; x_wconf 75' lang='lat' dir='ltr'>ut</span> <span class='ocrx_word' id='word_1_103' title='bbox 1561 1257 1672 1311; x_wconf 84' lang='lat' dir='ltr'>apud</span> 
     </span>
     <span class='ocr_line' id='line_1_14' title="bbox 99 1322 1060 1379; baseline -0.001 -14"><span class='ocrx_word' id='word_1_104' title='bbox 99 1323 279 1366; x_wconf 83' lang='lat' dir='ltr'>Dionem</span> <span class='ocrx_word' id='word_1_105' title='bbox 312 1337 408 1379; x_wconf 88' lang='lat' dir='ltr'>pag.</span> <span class='ocrx_word' id='word_1_106' title='bbox 444 1322 543 1364; x_wconf 83' lang='lat'>588.</span> <span class='ocrx_word' id='word_1_107' title='bbox 578 1322 964 1373; x_wconf 71' lang='grc' dir='ltr'><em>διαβεβαιωσαίμην</em></span> <span class='ocrx_word' id='word_1_108' title='bbox 996 1322 1060 1364; x_wconf 72' lang='grc' dir='ltr'><em>ἄν.</em></span> 
     </span>
    </p>
   </div>
   <div class='ocr_carea' id='block_1_6' title="bbox 96 1461 1670 1731">
    <p class='ocr_par' dir='ltr' id='par_1_6' title="bbox 96 1461 1670 1731">
     <span class='ocr_line' id='line_1_15' title="bbox 159 1461 1670 1519; baseline 0.003 -15"><span class='ocrx_word' id='word_1_109' title='bbox 159 1463 342 1505; x_wconf 76' lang='lat' dir='ltr'>Laborat</span> <span class='ocrx_word' id='word_1_110' title='bbox 381 1463 607 1505; x_wconf 84' lang='lat' dir='ltr'>verborum</span> <span class='ocrx_word' id='word_1_111' title='bbox 649 1466 859 1505; x_wconf 75' lang='lat' dir='ltr'>structura</span> <span class='ocrx_word' id='word_1_112' title='bbox 889 1477 987 1519; x_wconf 88' lang='lat' dir='ltr'>pag.</span> <span class='ocrx_word' id='word_1_113' title='bbox 1021 1461 1121 1505; x_wconf 86' lang='lat'>453.</span> <span class='ocrx_word' id='word_1_114' title='bbox 1155 1467 1237 1509; x_wconf 79' lang='grc' dir='ltr'><em>πῶς</em></span> <span class='ocrx_word' id='word_1_115' title='bbox 1269 1463 1372 1515; x_wconf 49' lang='lat' dir='ltr'><em>wem</em></span> <span class='ocrx_word' id='word_1_116' title='bbox 1408 1463 1533 1508; x_wconf 76' lang='grc' dir='ltr'><em>εἶπεν.</em></span> <span class='ocrx_word' id='word_1_117' title='bbox 1565 1464 1670 1514; x_wconf 71' lang='grc' dir='ltr'><em>ὅπως</em></span> 
     </span>
     <span class='ocr_line' id='line_1_16' title="bbox 99 1533 1668 1585; baseline 0.003 -11"><span class='ocrx_word' id='word_1_118' title='bbox 99 1533 316 1582; x_wconf 85' lang='grc' dir='ltr'><em>Ἀθηναίων</em></span> <span class='ocrx_word' id='word_1_119' title='bbox 375 1533 673 1585; x_wconf 72' lang='grc' dir='ltr'><em>ψηφισαμένων</em></span> <span class='ocrx_word' id='word_1_120' title='bbox 713 1559 768 1564; x_wconf 85' lang='grc'>-</span> <span class='ocrx_word' id='word_1_121' title='bbox 808 1533 899 1579; x_wconf 77' lang='grc' dir='ltr'><em>τοὺς</em></span> <span class='ocrx_word' id='word_1_122' title='bbox 956 1534 1116 1578; x_wconf 75' lang='grc' dir='ltr'><em>οἰκέτας</em></span> <span class='ocrx_word' id='word_1_123' title='bbox 1165 1534 1383 1585; x_wconf 83' lang='grc' dir='ltr'><em>ἐλευθέρους</em></span> <span class='ocrx_word' id='word_1_124' title='bbox 1431 1534 1532 1578; x_wconf 76' lang='grc' dir='ltr'><em>εἶναι</em></span> <span class='ocrx_word' id='word_1_125' title='bbox 1581 1539 1668 1581; x_wconf 79' lang='grc' dir='ltr'><em>κτὲ.</em></span> 
     </span>
     <span class='ocr_line' id='line_1_17' title="bbox 98 1601 1668 1662; baseline 0.003 -18"><span class='ocrx_word' id='word_1_126' title='bbox 98 1602 264 1645; x_wconf 80' lang='lat' dir='ltr'>Scribe:</span> <span class='ocrx_word' id='word_1_127' title='bbox 309 1601 437 1653; x_wconf 72' lang='grc' dir='ltr'><em>δ’πωςς</em></span> <span class='ocrx_word' id='word_1_128' title='bbox 481 1603 700 1651; x_wconf 86' lang='grc' dir='ltr'><em>Ἀθηναίων</em></span> <span class='ocrx_word' id='word_1_129' title='bbox 727 1605 813 1647; x_wconf 82' lang='grc' dir='ltr'><em>κτὲ.</em></span> <span class='ocrx_word' id='word_1_130' title='bbox 847 1607 896 1645; x_wconf 93' lang='lat' dir='ltr'>ut</span> <span class='ocrx_word' id='word_1_131' title='bbox 928 1605 1171 1659; x_wconf 82' lang='lat' dir='ltr'>saepissime</span> <span class='ocrx_word' id='word_1_132' title='bbox 1203 1605 1313 1659; x_wconf 90' lang='lat' dir='ltr'>apud</span> <span class='ocrx_word' id='word_1_133' title='bbox 1343 1605 1668 1662; x_wconf 75' lang='lat' dir='ltr'>Aristophanem</span> 
     </span>
     <span class='ocr_line' id='line_1_18' title="bbox 96 1671 625 1731; baseline 0 -16"><span class='ocrx_word' id='word_1_134' title='bbox 96 1673 255 1731; x_wconf 84' lang='lat' dir='ltr'>legitur</span> <span class='ocrx_word' id='word_1_135' title='bbox 288 1677 369 1720; x_wconf 80' lang='grc' dir='ltr'><em>πῶς</em></span> <span class='ocrx_word' id='word_1_136' title='bbox 382 1687 392 1724; x_wconf 83' lang='grc'><strong>;</strong></span> <span class='ocrx_word' id='word_1_137' title='bbox 418 1700 474 1705; x_wconf 92' lang='grc'><strong>-</strong></span> <span class='ocrx_word' id='word_1_138' title='bbox 500 1671 625 1725; x_wconf 77' lang='grc' dir='ltr'><em>ὃ’πως;</em></span> 
     </span>
    </p>
   </div>
   <div class='ocr_carea' id='block_1_7' title="bbox 93 1813 1668 2922">
    <p class='ocr_par' dir='ltr' id='par_1_7' title="bbox 94 1813 1668 2287">
     <span class='ocr_line' id='line_1_19' title="bbox 158 1813 1665 1870; baseline 0.003 -14"><span class='ocrx_word' id='word_1_139' title='bbox 158 1814 252 1856; x_wconf 91' lang='lat' dir='ltr'><em>Duo</em></span> <span class='ocrx_word' id='word_1_140' title='bbox 293 1815 401 1857; x_wconf 86' lang='lat' dir='ltr'>vitia</span> <span class='ocrx_word' id='word_1_141' title='bbox 440 1817 537 1855; x_wconf 92' lang='lat' dir='ltr'>sunt</span> <span class='ocrx_word' id='word_1_142' title='bbox 580 1814 650 1855; x_wconf 90' lang='lat' dir='ltr'><em>sed</em></span> <span class='ocrx_word' id='word_1_143' title='bbox 681 1815 814 1869; x_wconf 84' lang='lat' dir='ltr'>ipsius</span> <span class='ocrx_word' id='word_1_144' title='bbox 846 1814 991 1856; x_wconf 90' lang='lat' dir='ltr'>Dionis</span> <span class='ocrx_word' id='word_1_145' title='bbox 1022 1829 1061 1870; x_wconf 92' lang='lat' dir='ltr'>p.</span> <span class='ocrx_word' id='word_1_146' title='bbox 1098 1813 1197 1856; x_wconf 89' lang='grc'><strong>461.</strong></span> <span class='ocrx_word' id='word_1_147' title='bbox 1217 1829 1276 1870; x_wconf 87' lang='lat' dir='ltr'><em>sq.</em></span> <span class='ocrx_word' id='word_1_148' title='bbox 1311 1816 1417 1865; x_wconf 74' lang='grc' dir='ltr'><em>μήτε</em></span> <span class='ocrx_word' id='word_1_149' title='bbox 1450 1818 1564 1869; x_wconf 75' lang='grc' dir='ltr'><em>παρα</em></span> <span class='ocrx_word' id='word_1_150' title='bbox 1596 1823 1665 1861; x_wconf 80' lang='grc' dir='ltr'><em>τοῦ</em></span> 
     </span>
     <span class='ocr_line' id='line_1_20' title="bbox 95 1884 1668 1940; baseline 0.003 -14"><span class='ocrx_word' id='word_1_151' title='bbox 95 1885 305 1936; x_wconf 68' lang='grc' dir='ltr'><em>δράκοντος</em></span> <span class='ocrx_word' id='word_1_152' title='bbox 349 1885 472 1935; x_wconf 79' lang='grc' dir='ltr'><em>μηδὲν</em></span> <span class='ocrx_word' id='word_1_153' title='bbox 520 1886 662 1926; x_wconf 78' lang='grc' dir='ltr'><em>παθεῖν</em></span> <span class='ocrx_word' id='word_1_154' title='bbox 704 1885 809 1934; x_wconf 80' lang='grc' dir='ltr'><em>μήτε</em></span> <span class='ocrx_word' id='word_1_155' title='bbox 845 1884 919 1925; x_wconf 79' lang='grc' dir='ltr'><em>ὑπὸ</em></span> <span class='ocrx_word' id='word_1_156' title='bbox 951 1889 1027 1926; x_wconf 78' lang='grc' dir='ltr'><em>τῶν</em></span> <span class='ocrx_word' id='word_1_157' title='bbox 1055 1885 1207 1937; x_wconf 81' lang='grc' dir='ltr'><em>ταύρων</em></span> <span class='ocrx_word' id='word_1_158' title='bbox 1235 1891 1311 1927; x_wconf 80' lang='grc' dir='ltr'><em>τῶν</em></span> <span class='ocrx_word' id='word_1_159' title='bbox 1338 1887 1383 1927; x_wconf 81' lang='grc' dir='ltr'><em>τὸ</em></span> <span class='ocrx_word' id='word_1_160' title='bbox 1410 1891 1487 1940; x_wconf 77' lang='grc' dir='ltr'><em>πῦρ</em></span> <span class='ocrx_word' id='word_1_161' title='bbox 1515 1892 1668 1931; x_wconf 87' lang='grc' dir='ltr'><strong>ἈΝΑ-</strong></span> 
     </span>
     <span class='ocr_line' id='line_1_21' title="bbox 95 1955 1667 2016; baseline 0.004 -20"><span class='ocrx_word' id='word_1_162' title='bbox 95 1955 303 1997; x_wconf 83' lang='grc' dir='ltr'><em>πνεόντων.</em></span> <span class='ocrx_word' id='word_1_163' title='bbox 337 1959 398 1997; x_wconf 86' lang='lat' dir='ltr'><em>est</em></span> <span class='ocrx_word' id='word_1_164' title='bbox 424 1957 532 1997; x_wconf 88' lang='lat' dir='ltr'>enim</span> <span class='ocrx_word' id='word_1_165' title='bbox 562 1957 715 1997; x_wconf 82' lang='lat' dir='ltr'>vitiosa</span> <span class='ocrx_word' id='word_1_166' title='bbox 742 1957 980 2009; x_wconf 87' lang='lat' dir='ltr'>sequiorum</span> <span class='ocrx_word' id='word_1_167' title='bbox 1008 1957 1262 1998; x_wconf 77' lang='lat' dir='ltr'>consuetudo</span> <span class='ocrx_word' id='word_1_168' title='bbox 1289 1957 1401 2009; x_wconf 78' lang='grc' dir='ltr'><em>παρα</em></span> <span class='ocrx_word' id='word_1_169' title='bbox 1420 1973 1570 2014; x_wconf 89' lang='lat' dir='ltr'>ponere</span> <span class='ocrx_word' id='word_1_170' title='bbox 1593 1975 1667 2016; x_wconf 90' lang='lat' dir='ltr'><em>pro</em></span> 
     </span>
     <span class='ocr_line' id='line_1_22' title="bbox 97 2025 1667 2078; baseline 0.004 -11"><span class='ocrx_word' id='word_1_171' title='bbox 97 2026 195 2075; x_wconf 81' lang='grc' dir='ltr'><em>ὑπό,</em></span> <span class='ocrx_word' id='word_1_172' title='bbox 229 2027 452 2068; x_wconf 70' lang='grc' dir='ltr'><em>ἀδικεῖσθαι</em></span> <span class='ocrx_word' id='word_1_173' title='bbox 488 2025 600 2078; x_wconf 74' lang='grc' dir='ltr'><em>παρα</em></span> <span class='ocrx_word' id='word_1_174' title='bbox 632 2042 756 2073; x_wconf 85' lang='grc' dir='ltr'><em>τινος,</em></span> <span class='ocrx_word' id='word_1_175' title='bbox 789 2025 970 2077; x_wconf 71' lang='grc' dir='ltr'><em>πάσχειν</em></span> <span class='ocrx_word' id='word_1_176' title='bbox 1003 2025 1116 2077; x_wconf 72' lang='grc' dir='ltr'><em>παρα</em></span> <span class='ocrx_word' id='word_1_177' title='bbox 1149 2043 1250 2074; x_wconf 87' lang='grc' dir='ltr'><em>τινος</em></span> <span class='ocrx_word' id='word_1_178' title='bbox 1277 2031 1318 2070; x_wconf 90' lang='lat' dir='ltr'>et</span> <span class='ocrx_word' id='word_1_179' title='bbox 1345 2030 1426 2070; x_wconf 87' lang='lat' dir='ltr'><em>sim</em></span> <span class='ocrx_word' id='word_1_180' title='bbox 1505 2030 1667 2074; x_wconf 89' lang='lat' dir='ltr'>Deinde</span> 
     </span>
     <span class='ocr_line' id='line_1_23' title="bbox 94 2095 1668 2152; baseline 0.003 -13"><span class='ocrx_word' id='word_1_181' title='bbox 94 2097 223 2139; x_wconf 86' lang='lat' dir='ltr'>officit</span> <span class='ocrx_word' id='word_1_182' title='bbox 253 2098 505 2152; x_wconf 86' lang='lat' dir='ltr'>praepositio</span> <span class='ocrx_word' id='word_1_183' title='bbox 536 2098 579 2137; x_wconf 91' lang='lat' dir='ltr'><em>in</em></span> <span class='ocrx_word' id='word_1_184' title='bbox 612 2097 874 2138; x_wconf 86' lang='grc' dir='ltr'><em>ἈΝΑπνεῖν.</em></span> <span class='ocrx_word' id='word_1_185' title='bbox 938 2095 1108 2138; x_wconf 88' lang='lat' dir='ltr'>Veteres</span> <span class='ocrx_word' id='word_1_186' title='bbox 1138 2096 1417 2152; x_wconf 86' lang='lat' dir='ltr'>loquebantur</span> <span class='ocrx_word' id='word_1_187' title='bbox 1448 2114 1592 2143; x_wconf 91' lang='lat' dir='ltr'>omnes</span> <span class='ocrx_word' id='word_1_188' title='bbox 1619 2106 1668 2144; x_wconf 91' lang='lat' dir='ltr'>ut</span> 
     </span>
     <span class='ocr_line' id='line_1_24' title="bbox 95 2166 1666 2228; baseline 0.003 -19"><span class='ocrx_word' id='word_1_189' title='bbox 95 2168 330 2222; x_wconf 89' lang='lat' dir='ltr'>Xenophon</span> <span class='ocrx_word' id='word_1_190' title='bbox 359 2168 404 2208; x_wconf 87' lang='lat' dir='ltr'><em>in</em></span> <span class='ocrx_word' id='word_1_191' title='bbox 438 2166 598 2208; x_wconf 76' lang='lat' dir='ltr'>Hellen.</span> <span class='ocrx_word' id='word_1_192' title='bbox 624 2166 712 2208; x_wconf 88' lang='lat' dir='ltr'>VII.</span> <span class='ocrx_word' id='word_1_193' title='bbox 746 2167 787 2208; x_wconf 84' lang='lat'><em>5.</em></span> <span class='ocrx_word' id='word_1_194' title='bbox 822 2166 889 2208; x_wconf 77' lang='grc'><em>12.</em></span> <span class='ocrx_word' id='word_1_195' title='bbox 920 2167 1095 2208; x_wconf 76' lang='grc' dir='ltr'><em>ἐνταῦθα</em></span> <span class='ocrx_word' id='word_1_196' title='bbox 1123 2167 1168 2215; x_wconf 76' lang='grc' dir='ltr'><em>δη</em></span> <span class='ocrx_word' id='word_1_197' title='bbox 1196 2169 1228 2209; x_wconf 78' lang='grc' dir='ltr'><em>οἱ</em></span> <span class='ocrx_word' id='word_1_198' title='bbox 1261 2172 1358 2220; x_wconf 76' lang='grc' dir='ltr'><em>πῦρ</em></span> <span class='ocrx_word' id='word_1_199' title='bbox 1391 2171 1666 2228; x_wconf 76' lang='grc' dir='ltr'><em>πνέοντες,</em></span> 
     </span>
     <span class='ocr_line' id='line_1_25' title="bbox 95 2237 1296 2287; baseline 0 -7"><span class='ocrx_word' id='word_1_200' title='bbox 95 2239 126 2280; x_wconf 82' lang='grc' dir='ltr'><em>οἱ</em></span> <span class='ocrx_word' id='word_1_201' title='bbox 160 2237 404 2286; x_wconf 70' lang='grc' dir='ltr'><em>νενικηκότες</em></span> <span class='ocrx_word' id='word_1_202' title='bbox 437 2238 529 2283; x_wconf 81' lang='grc' dir='ltr'><em>τοὺς</em></span> <span class='ocrx_word' id='word_1_203' title='bbox 561 2237 929 2287; x_wconf 81' lang='grc' dir='ltr'><em>Λακεδαιμονίους,</em></span> <span class='ocrx_word' id='word_1_204' title='bbox 956 2262 1010 2268; x_wconf 91' lang='grc'>-</span> <span class='ocrx_word' id='word_1_205' title='bbox 1035 2238 1296 2287; x_wconf 72' lang='grc' dir='ltr'><em>ἐγκλίνουσιν.</em></span> 
     </span>
    </p>

    <p class='ocr_par' dir='ltr' id='par_1_8' title="bbox 93 2307 1667 2922">
     <span class='ocr_line' id='line_1_26' title="bbox 153 2307 1662 2369; baseline 0.003 -18"><span class='ocrx_word' id='word_1_206' title='bbox 153 2308 249 2351; x_wconf 92' lang='lat' dir='ltr'><em>Non</em></span> <span class='ocrx_word' id='word_1_207' title='bbox 290 2308 437 2349; x_wconf 85' lang='lat' dir='ltr'>Dionis</span> <span class='ocrx_word' id='word_1_208' title='bbox 476 2309 582 2350; x_wconf 86' lang='lat' dir='ltr'>vitio</span> <span class='ocrx_word' id='word_1_209' title='bbox 615 2310 756 2349; x_wconf 89' lang='lat' dir='ltr'>contra</span> <span class='ocrx_word' id='word_1_210' title='bbox 788 2308 859 2349; x_wconf 89' lang='lat' dir='ltr'><em>sed</em></span> <span class='ocrx_word' id='word_1_211' title='bbox 890 2307 1053 2349; x_wconf 87' lang='lat' dir='ltr'>librarii</span> <span class='ocrx_word' id='word_1_212' title='bbox 1083 2312 1303 2363; x_wconf 87' lang='lat' dir='ltr'>peccatum</span> <span class='ocrx_word' id='word_1_213' title='bbox 1336 2313 1398 2352; x_wconf 87' lang='lat' dir='ltr'><em>est</em></span> <span class='ocrx_word' id='word_1_214' title='bbox 1429 2325 1526 2369; x_wconf 84' lang='lat' dir='ltr'>pag.</span> <span class='ocrx_word' id='word_1_215' title='bbox 1561 2313 1662 2356; x_wconf 87' lang='lat'>466.</span> 
     </span>
     <span class='ocr_line' id='line_1_27' title="bbox 95 2377 1666 2433; baseline 0.003 -13"><span class='ocrx_word' id='word_1_216' title='bbox 95 2379 137 2420; x_wconf 83' lang='grc' dir='ltr'><em>τί</em></span> <span class='ocrx_word' id='word_1_217' title='bbox 178 2380 256 2430; x_wconf 79' lang='grc' dir='ltr'><em>χρη</em></span> <span class='ocrx_word' id='word_1_218' title='bbox 290 2378 461 2430; x_wconf 78' lang='grc' dir='ltr'><em>νομίζειν</em></span> <span class='ocrx_word' id='word_1_219' title='bbox 493 2378 743 2429; x_wconf 65' lang='grc' dir='ltr'><em>τάνθρώπεια</em></span> <span class='ocrx_word' id='word_1_220' title='bbox 775 2378 958 2430; x_wconf 79' lang='grc' dir='ltr'><em>πασχειν</em></span> <span class='ocrx_word' id='word_1_221' title='bbox 994 2377 1100 2420; x_wconf 80' lang='grc' dir='ltr'><em>Ἀπὸ</em></span> <span class='ocrx_word' id='word_1_222' title='bbox 1133 2379 1287 2427; x_wconf 79' lang='grc' dir='ltr'><em>ταύτης</em></span> <span class='ocrx_word' id='word_1_223' title='bbox 1321 2387 1394 2429; x_wconf 77' lang='grc' dir='ltr'><em>τῆς</em></span> <span class='ocrx_word' id='word_1_224' title='bbox 1427 2382 1556 2433; x_wconf 71' lang='grc' dir='ltr'><em>νόσους</em></span> <span class='ocrx_word' id='word_1_225' title='bbox 1591 2386 1666 2427; x_wconf 91' lang='lat' dir='ltr'><em>ubi</em></span> 
     </span>
     <span class='ocr_line' id='line_1_28' title="bbox 99 2448 1665 2498; baseline 0.004 -7"><span class='ocrx_word' id='word_1_226' title='bbox 99 2449 203 2491; x_wconf 78' lang='grc' dir='ltr'><em>Ὕπό</em></span> <span class='ocrx_word' id='word_1_227' title='bbox 234 2450 512 2490; x_wconf 85' lang='lat' dir='ltr'>necessarium</span> <span class='ocrx_word' id='word_1_228' title='bbox 548 2452 588 2490; x_wconf 90' lang='lat' dir='ltr'>et</span> <span class='ocrx_word' id='word_1_229' title='bbox 620 2462 768 2490; x_wconf 87' lang='lat' dir='ltr'>verum</span> <span class='ocrx_word' id='word_1_230' title='bbox 800 2452 876 2490; x_wconf 89' lang='lat' dir='ltr'>est.</span> <span class='ocrx_word' id='word_1_231' title='bbox 943 2448 991 2489; x_wconf 92' lang='lat' dir='ltr'><em>In</em></span> <span class='ocrx_word' id='word_1_232' title='bbox 1022 2449 1172 2491; x_wconf 88' lang='lat' dir='ltr'>multis</span> <span class='ocrx_word' id='word_1_233' title='bbox 1205 2450 1299 2492; x_wconf 88' lang='lat' dir='ltr'>aliis</span> <span class='ocrx_word' id='word_1_234' title='bbox 1329 2452 1552 2495; x_wconf 85' lang='lat' dir='ltr'>manifesto</span> <span class='ocrx_word' id='word_1_235' title='bbox 1583 2455 1665 2498; x_wconf 89' lang='lat' dir='ltr'><em>Dio</em></span> 
     </span>
     <span class='ocr_line' id='line_1_29' title="bbox 93 2517 1662 2582; baseline 0.002 -19"><span class='ocrx_word' id='word_1_236' title='bbox 93 2523 182 2576; x_wconf 90' lang='lat' dir='ltr'>ipse</span> <span class='ocrx_word' id='word_1_237' title='bbox 221 2521 418 2562; x_wconf 86' lang='lat' dir='ltr'>vitiosam</span> <span class='ocrx_word' id='word_1_238' title='bbox 452 2517 757 2561; x_wconf 79' lang='lat' dir='ltr'>Graeculorum</span> <span class='ocrx_word' id='word_1_239' title='bbox 792 2519 1135 2561; x_wconf 87' lang='lat' dir='ltr'>consuetudinem</span> <span class='ocrx_word' id='word_1_240' title='bbox 1168 2524 1335 2562; x_wconf 89' lang='lat' dir='ltr'>secutus</span> <span class='ocrx_word' id='word_1_241' title='bbox 1367 2525 1452 2576; x_wconf 87' lang='lat' dir='ltr'>est,</span> <span class='ocrx_word' id='word_1_242' title='bbox 1483 2527 1533 2564; x_wconf 90' lang='lat' dir='ltr'>ut</span> <span class='ocrx_word' id='word_1_243' title='bbox 1562 2539 1662 2582; x_wconf 85' lang='lat' dir='ltr'>pag.</span> 
     </span>
     <span class='ocr_line' id='line_1_30' title="bbox 96 2588 1662 2647; baseline 0.003 -15"><span class='ocrx_word' id='word_1_244' title='bbox 96 2590 197 2635; x_wconf 79' lang='grc'><strong>679.</strong></span> <span class='ocrx_word' id='word_1_245' title='bbox 240 2590 362 2631; x_wconf 83' lang='grc' dir='ltr'><em>κακόν</em></span> <span class='ocrx_word' id='word_1_246' title='bbox 406 2605 444 2630; x_wconf 92' lang='grc' dir='ltr'><em>τι</em></span> <span class='ocrx_word' id='word_1_247' title='bbox 487 2595 569 2635; x_wconf 84' lang='grc' dir='ltr'><em>τοῖς</em></span> <span class='ocrx_word' id='word_1_248' title='bbox 613 2589 847 2638; x_wconf 79' lang='grc' dir='ltr'><em>συμπόταις</em></span> <span class='ocrx_word' id='word_1_249' title='bbox 891 2588 1024 2636; x_wconf 79' lang='grc' dir='ltr'><em>δόντες</em></span> <span class='ocrx_word' id='word_1_250' title='bbox 1058 2592 1078 2639; x_wconf 73' lang='grc' dir='ltr'><em>ἢ</em></span> <span class='ocrx_word' id='word_1_251' title='bbox 1112 2590 1210 2642; x_wconf 90' lang='grc' dir='ltr'><em>παρ’</em></span> <span class='ocrx_word' id='word_1_252' title='bbox 1249 2591 1403 2632; x_wconf 83' lang='grc' dir='ltr'><em>ἐκείνων</em></span> <span class='ocrx_word' id='word_1_253' title='bbox 1435 2593 1662 2647; x_wconf 78' lang='grc' dir='ltr'><em>λαβόντες,</em></span> 
     </span>
     <span class='ocr_line' id='line_1_31' title="bbox 95 2661 1663 2722; baseline 0.001 -18"><span class='ocrx_word' id='word_1_254' title='bbox 95 2663 212 2717; x_wconf 88' lang='lat' dir='ltr'>quasi</span> <span class='ocrx_word' id='word_1_255' title='bbox 254 2661 305 2702; x_wconf 91' lang='lat' dir='ltr'><em>de</em></span> <span class='ocrx_word' id='word_1_256' title='bbox 341 2661 439 2701; x_wconf 78' lang='lat' dir='ltr'><em>dono</em></span> <span class='ocrx_word' id='word_1_257' title='bbox 472 2663 545 2701; x_wconf 90' lang='lat' dir='ltr'><em>aut</em></span> <span class='ocrx_word' id='word_1_258' title='bbox 576 2674 733 2700; x_wconf 67' lang='lat' dir='ltr'><em>munere</em></span> <span class='ocrx_word' id='word_1_259' title='bbox 764 2663 971 2716; x_wconf 84' lang='lat' dir='ltr'>ageretur.</span> <span class='ocrx_word' id='word_1_260' title='bbox 1034 2661 1160 2715; x_wconf 90' lang='lat' dir='ltr'>Apud</span> <span class='ocrx_word' id='word_1_261' title='bbox 1191 2661 1360 2704; x_wconf 87' lang='lat' dir='ltr'>Veteres</span> <span class='ocrx_word' id='word_1_262' title='bbox 1390 2666 1438 2704; x_wconf 92' lang='lat' dir='ltr'>ut</span> <span class='ocrx_word' id='word_1_263' title='bbox 1470 2666 1663 2722; x_wconf 70' lang='grc' dir='ltr'><em>πληγάς,</em></span> 
     </span>
     <span class='ocr_line' id='line_1_32' title="bbox 95 2729 1667 2784; baseline 0.001 -10"><span class='ocrx_word' id='word_1_264' title='bbox 95 2735 263 2784; x_wconf 78' lang='grc' dir='ltr'><em>τραῦμα</em></span> <span class='ocrx_word' id='word_1_265' title='bbox 308 2731 457 2780; x_wconf 82' lang='grc' dir='ltr'><em>λαβεῖν</em></span> <span class='ocrx_word' id='word_1_266' title='bbox 493 2729 568 2771; x_wconf 81' lang='grc' dir='ltr'><em>ὑπό</em></span> <span class='ocrx_word' id='word_1_267' title='bbox 599 2746 724 2779; x_wconf 88' lang='grc' dir='ltr'><em>τινος,</em></span> <span class='ocrx_word' id='word_1_268' title='bbox 757 2731 816 2771; x_wconf 89' lang='lat' dir='ltr'><em>sic</em></span> <span class='ocrx_word' id='word_1_269' title='bbox 849 2732 971 2772; x_wconf 79' lang='grc' dir='ltr'><em>κακὸν</em></span> <span class='ocrx_word' id='word_1_270' title='bbox 1005 2731 1082 2772; x_wconf 80' lang='grc' dir='ltr'><em>ὑπό</em></span> <span class='ocrx_word' id='word_1_271' title='bbox 1113 2747 1216 2778; x_wconf 85' lang='grc' dir='ltr'><em>τινος</em></span> <span class='ocrx_word' id='word_1_272' title='bbox 1249 2733 1399 2782; x_wconf 78' lang='grc' dir='ltr'><em>λαβεῖν</em></span> <span class='ocrx_word' id='word_1_273' title='bbox 1431 2739 1667 2779; x_wconf 84' lang='lat' dir='ltr'>constanter</span> 
     </span>
     <span class='ocr_line' id='line_1_33' title="bbox 96 2800 1666 2858; baseline 0.003 -14"><span class='ocrx_word' id='word_1_274' title='bbox 96 2803 263 2844; x_wconf 87' lang='lat' dir='ltr'>dicitur.</span> <span class='ocrx_word' id='word_1_275' title='bbox 337 2801 475 2842; x_wconf 84' lang='lat' dir='ltr'>Simili</span> <span class='ocrx_word' id='word_1_276' title='bbox 517 2814 651 2842; x_wconf 88' lang='lat' dir='ltr'>errore</span> <span class='ocrx_word' id='word_1_277' title='bbox 694 2800 801 2841; x_wconf 83' lang='lat' dir='ltr'>dixit</span> <span class='ocrx_word' id='word_1_278' title='bbox 843 2800 966 2844; x_wconf 82' lang='lat' dir='ltr'>Tom.</span> <span class='ocrx_word' id='word_1_279' title='bbox 1010 2801 1065 2842; x_wconf 92' lang='grc' dir='ltr'><em>Π.</em></span> <span class='ocrx_word' id='word_1_280' title='bbox 1107 2816 1204 2858; x_wconf 90' lang='lat' dir='ltr'>pag.</span> <span class='ocrx_word' id='word_1_281' title='bbox 1253 2801 1350 2844; x_wconf 80' lang='lat'>392.</span> <span class='ocrx_word' id='word_1_282' title='bbox 1396 2806 1492 2855; x_wconf 78' lang='grc' dir='ltr'><em>παρ’</em></span> <span class='ocrx_word' id='word_1_283' title='bbox 1533 2807 1666 2849; x_wconf 77' lang='grc' dir='ltr'><em>αὐτῶν</em></span> 
     </span>
     <span class='ocr_line' id='line_1_34' title="bbox 96 2869 1664 2922; baseline 0.003 -8"><span class='ocrx_word' id='word_1_284' title='bbox 96 2877 173 2915; x_wconf 85' lang='grc' dir='ltr'><em>τῶν</em></span> <span class='ocrx_word' id='word_1_285' title='bbox 211 2869 254 2914; x_wconf 78' lang='grc' dir='ltr'><em>εὖ</em></span> <span class='ocrx_word' id='word_1_286' title='bbox 287 2870 493 2914; x_wconf 86' lang='grc' dir='ltr'><em>παθόντων</em></span> <span class='ocrx_word' id='word_1_287' title='bbox 525 2870 661 2913; x_wconf 79' lang='grc' dir='ltr'><em>αἰτίαν</em></span> <span class='ocrx_word' id='word_1_288' title='bbox 696 2869 828 2922; x_wconf 83' lang='grc' dir='ltr'><em>ἔχειν,</em></span> <span class='ocrx_word' id='word_1_289' title='bbox 862 2884 961 2912; x_wconf 89' lang='lat' dir='ltr'>nam</span> <span class='ocrx_word' id='word_1_290' title='bbox 993 2872 1170 2914; x_wconf 85' lang='lat' dir='ltr'>verbum</span> <span class='ocrx_word' id='word_1_291' title='bbox 1203 2873 1425 2915; x_wconf 86' lang='lat' dir='ltr'>accusandi</span> <span class='ocrx_word' id='word_1_292' title='bbox 1455 2875 1664 2920; x_wconf 67' lang='grc' dir='ltr'><em>αἰτιᾶσθαι</em></span> 
     </span>
    </p>
   </div>
  </div>
 </body>
</html>
