1946 3298
887 157 972 200 449

141 288 315 329 certiora
357 286 503 328 afferri.
568 284 748 326 Omnino
789 284 897 326 nihil
937 285 982 324 in
1027 297 1074 324 ea
1115 285 1378 325 annotatione
1410 283 1567 340 legitur
1599 278 1707 339 quod

139 359 290 400 habeat
323 356 581 411 exploratam
614 354 739 397 fidem
774 360 815 398 et
845 353 953 396 nihil
986 353 1095 411 quod
1127 353 1330 397 bonorum
1362 355 1537 397 testium
1570 359 1709 401 aucto-

139 431 264 471 ritate
295 427 549 470 stabiliatur.

199 570 247 611 In
273 569 524 612 conficiendo
549 570 911 626 Pythagoreorum
941 567 1144 625 Catalogo
1169 570 1214 609 in
1240 567 1379 623 §25st
1410 569 1708 611 difficillimum

141 640 255 682 dictu
289 645 350 682 est
383 654 509 695 quam
538 640 708 681 tandem
740 641 922 681 incertus
959 642 1102 681 auctor
1132 640 1337 681 rationem
1376 643 1542 681 secutus
1568 640 1707 680 fuerit.

139 711 253 752 Adeo
285 713 426 752 omnia
459 714 556 752 sunt
593 710 761 752 confusa
793 713 834 751 et
867 709 1039 751 disiecta
1070 712 1111 750 et
1143 710 1386 763 perturbata
1417 713 1458 751 et
1489 711 1533 750 in
1565 711 1711 751 civita-

138 783 249 823 tium
292 781 432 822 ordine
476 784 516 822 et
558 781 601 821 in
641 779 986 834 philosophorum
1027 778 1204 820 delectu.
1269 779 1424 821 Omissi
1455 783 1551 822 sunt
1583 779 1711 821 multi

139 865 185 892 ac
226 850 408 904 nobiles,
453 854 594 892 contra
635 851 905 891 obscurorum
949 850 1196 904 hominum,
1246 863 1425 904 quorum
1466 863 1517 891 ne
1557 862 1710 891 nomen

140 921 308 975 quidem
349 921 472 963 fando
514 922 736 975 quisquam
781 920 969 969 audivit,
1014 920 1203 974 frequens
1247 922 1419 962 mentio.
1483 918 1655 961 Orditur
1686 932 1710 960 a

139 991 392 1033 Crotoniatis
436 995 477 1032 et
517 990 840 1046 Metapontinis:
889 994 998 1031 recte
1045 990 1123 1031 hoc
1165 990 1357 1045 quidem,
1402 990 1472 1032 sed
1514 991 1709 1031 continuo

139 1061 254 1104 addit
294 1063 623 1117 Agrigentinum
656 1075 788 1102 unum
820 1060 1118 1115 Empedoclem
1151 1065 1191 1101 et
1222 1075 1357 1101 unum
1388 1061 1580 1103 Eleatem
1611 1059 1712 1101 Par-

138 1131 375 1185 menidem,
410 1145 587 1186 quorum
619 1134 815 1172 neutrum
847 1130 1166 1186 Pythagoreum
1200 1134 1360 1173 constat
1396 1131 1546 1185 fuisse,
1580 1134 1621 1171 et
1652 1131 1710 1171 sic

139 1203 190 1244 ad
234 1201 479 1244 Tarentinos
521 1205 562 1243 et
605 1200 823 1257 Sybaritas
864 1202 1053 1255 transiit,
1098 1201 1248 1255 quibus
1291 1201 1451 1242 addidit
1491 1199 1712 1256 Carthagi-

137 1275 313 1315 nienses.
362 1272 520 1314 Deinde
553 1271 670 1313 nullo
704 1271 846 1313 ordine
880 1271 1103 1312 decurrunt
1129 1271 1283 1319 Paros,
1319 1271 1440 1313 Locri
1469 1273 1528 1326 (in
1552 1270 1709 1325 Italia),

138 1343 384 1393 Posidonia,
432 1342 617 1391 Lucani,
665 1344 801 1398 Argos
848 1348 963 1392 (nam
1011 1355 1084 1395 pro
1133 1342 1288 1390 Αἰγεῖοι
1337 1342 1606 1396 perspicuum
1650 1343 1712 1381 est

139 1414 328 1464 ἈΡγεῖοι
377 1427 463 1455 esse
510 1412 767 1469 legendum).
832 1411 990 1453 Eadem
1039 1411 1223 1453 confusio
1270 1413 1314 1452 in
1360 1410 1546 1465 reliquis.
1609 1411 1712 1452 Post

137 1483 323 1526 Lacones
355 1484 371 1525 ὁ
404 1483 666 1534 Ὑπερβόρεος
700 1483 862 1524 Abaris.
908 1481 1153 1522 'Nominato
1183 1481 1349 1537 Rhegio
1381 1484 1612 1536 sequuntur
1642 1479 1713 1522 Se-

136 1554 248 1596 linus
291 1557 333 1595 et
373 1552 626 1610 Syracusae,
675 1556 769 1594 tum
812 1550 987 1601 Samos,
1031 1549 1256 1600 Caulonia,
1309 1551 1482 1601 Phlius,
1532 1550 1709 1607 Sicyon,

138 1623 320 1680 Cyrene,
365 1622 567 1679 Cyzicus,
611 1627 704 1664 tum
736 1624 780 1663 izn
813 1621 958 1663 Sicilia
991 1620 1157 1663 Catane.
1223 1620 1537 1663 Commemorat
1568 1619 1711 1663 Corin-

137 1695 262 1736 thum
294 1698 335 1736 et
367 1695 577 1748 Athenas,
611 1693 682 1735 sed
712 1693 904 1734 medium
937 1693 1054 1747 ponit
1085 1692 1349 1733 Nausithoon
1380 1692 1600 1733 Etruscum.
1662 1691 1712 1733 In

137 1767 377 1807 nominibus
408 1764 754 1820 philosophorum
787 1763 1024 1805 ordinandis
1057 1762 1201 1804 eadem
1236 1764 1419 1804 cernitur
1453 1763 1711 1817 perturbatio

140 1840 180 1877 et
212 1837 407 1878 socordia.
473 1835 601 1877 Modo
643 1836 792 1889 incipit
824 1847 847 1874 a
878 1834 1141 1882 novissimis,
1182 1832 1306 1874 modo
1340 1833 1522 1875 diversas
1555 1836 1711 1874 aetates

139 1907 302 1948 miscet.
346 1906 488 1947 πάντα
529 1905 584 1946 τοὶ
626 1904 830 1958 χρήματά
876 1905 956 1947 {tow
997 1905 1118 1953 ὁμοῦ,
1167 1916 1270 1957 quae
1309 1916 1542 1958 numquam
1576 1903 1592 1943 ὁ
1626 1905 1711 1948 νοῦς

138 1976 312 2018 ἐπελθὼν
345 1977 622 2027 διακοσμήσει.

196 2048 378 2090 Possunt
419 2049 589 2090 nomina
633 2047 837 2102 quaedam
881 2059 931 2087 ex
973 2042 1124 2086 Codice
1157 2043 1222 2086 Fl.
1267 2043 1528 2085 emendatius
1561 2043 1709 2094 scribi,

138 2126 186 2159 ut
216 2119 261 2159 in
292 2132 379 2173 sqq.
414 2118 644 2161 ostendam.

659 2497 924 2541 DIOGENIS
957 2488 1185 2539 LAERTII

715 2622 815 2652 VITA
846 2619 1140 2652 PYTHAGORAE.

197 2755 395 2809 Deposito
438 2767 547 2795 nunc
587 2751 800 2807 paulisper
832 2748 1064 2792 Iamblicho
1097 2749 1146 2791 de
1178 2750 1374 2792 manibus
1405 2750 1713 2792 consideremus

139 2826 258 2867 vitam
298 2825 544 2879 Pytbaqorae
575 2837 599 2864 a
630 2822 817 2878 Diogene
860 2820 1026 2862 Laertio
1068 2821 1282 2875 scriptam.
1346 2819 1639 2862 Plurimarum
1672 2823 1713 2861 et

140 2895 388 2952 perutilium
419 2908 560 2937 rerum
592 2893 788 2936 notitiam
820 2890 1000 2947 Diogeni
1033 2890 1254 2940 debemus,
1289 2904 1390 2945 quas
1425 2893 1498 2932 aut
1521 2891 1609 2945 ipse
1640 2892 1713 2931 aut

332 2981 369 3012 11
1472 2960 1512 2990 29
