1946 3298
880 152 967 196 215

131 284 284 324 uantur
326 282 540 333 εὐτυχεῖν,
575 279 768 331 δυςυχεῖν
802 282 843 321 et
873 279 938 321 bis
970 279 1232 332 εὐδαιμονεῖν.
1295 280 1390 323 Νο11
1420 282 1534 323 enim
1564 282 1580 323 ὁ
1615 281 1704 338 βίος

134 352 304 403 εὐτυχεῖ
333 356 406 394 aut
437 352 610 402 δυςυχεῑ
641 350 712 392 sed
743 351 889 392 miseri
921 351 1134 394 mortales.

191 492 334 548 Eurip.
368 492 520 549 fragm.
556 488 654 532 198.
687 503 788 546 pag.
825 488 927 532 333.

432 562 463 603 εἶ
496 559 532 603 δ’
567 561 749 611 εὐτυχῶν
782 575 843 607 τις
878 559 947 601 καὶ
978 558 1067 609 βίον
1100 559 1344 609 κεκτημένος

430 631 554 682 μηδὲν
588 630 740 680 δόμοισι
775 634 851 672 τῶν
884 634 1018 672 καλῶν
1049 629 1315 682 πειράσεται,

433 702 512 752 ἐγὼ
545 702 618 750 μὲν
651 700 789 742 οὔποτ’
821 701 943 742 αὐτὸν
977 699 1111 751 ὄλβιον
1146 705 1281 752 καλῶ,

430 772 606 825 φύλακα
640 771 680 813 δὲ
713 774 874 821 μᾶλλον
904 771 1129 824 χρημάτων
1164 771 1403 820 εὐδαίμονα.

191 842 411 897 Euripides
444 842 673 892 Φιλόκαλος
708 842 780 890 ὣν,
813 845 862 883 ut
894 843 1005 883 cives
1037 843 1103 883 sui
1134 855 1300 892 omnes,
1335 843 1390 884 τα
1423 843 1537 885 καλα
1570 845 1709 900 appel-

131 912 192 955 lat
224 926 489 954 summorum
522 911 730 954 artificum
766 911 977 967 praeclara
1009 926 1132 967 opera
1159 912 1346 963 tabulas,
1377 914 1520 970 signa,
1551 919 1711 959 statuas

131 987 172 1025 et
215 997 320 1038 quae
360 989 458 1025 sunt
496 982 578 1025 alia
610 983 853 1033 οέγοέλματα
887 983 1077 1024 πλουσίου
1110 984 1228 1024 οἴκου.
1292 983 1438 1038 Itaque
1471 985 1712 1037 πειράσεται

130 1056 334 1097 vitiosum
384 1057 458 1096 est.
543 1053 680 1096 Teneo
728 1057 916 1096 veterem
964 1055 1216 1096 sententiam
1265 1054 1509 1097 πεΠασεται
1556 1056 1600 1098 id
1648 1062 1711 1101 est

131 1125 375 1174 κεκτήσεται
410 1124 625 1167 emendari
656 1128 860 1180 oportere.

193 1265 339 1321 Eurip.
371 1265 523 1322 fragm.
558 1263 659 1306 200.
692 1278 789 1321 pag.
825 1263 923 1306 333.

431 1335 499 1377 καὶ
534 1336 613 1384 μὴν
646 1331 725 1376 ὅσοι
759 1336 833 1385 μὲν
866 1334 1010 1386 σαρκὸς
1046 1336 1099 1382 εἷς
1135 1335 1292 1387 εὐεξίαν

432 1406 600 1447 ἀσκοῦσι
633 1404 791 1456 βίοτον,
826 1406 871 1455 ἣν
903 1410 1096 1456 σφαλῶσι
1128 1406 1355 1459 χρημάτων

432 1476 546 1517 κακοὶ
580 1481 770 1518 πολῖται·
809 1475 870 1518 δεῖ
899 1476 981 1528 γὰρ
1015 1475 1121 1527 ἄνδρ’
1156 1477 1371 1527 εἰθισμένον

434 1545 638 1590 ἀκόλαςον
672 1542 757 1593 ἦθος
791 1548 944 1599 yae-phe
979 1547 1018 1588 ἐν
1050 1548 1189 1599 ταύτῷ
1222 1547 1369 1598 μένειν.

130 1618 182 1659 ad
224 1617 325 1659 haec
363 1616 607 1658 Nauokius:
644 1621 841 1666 „extrema
871 1618 988 1658 verba
1009 1618 1186 1670 gnaviter
1218 1620 1359 1675 agffeeta
1389 1619 1519 1662 szmt.’'
1581 1621 1709 1677 Equi-

130 1687 223 1729 dem
265 1686 373 1728 nihil
416 1686 677 1728 difficultatis
717 1688 761 1728 in
802 1689 853 1729 iis
900 1688 1037 1730 video.
1111 1687 1280 1743 Optime
1329 1690 1483 1732 dieitur
1531 1691 1708 1743 εἴθισμαι

129 1757 332 1800 ἀκόλαςον
378 1754 462 1805 ἦθος
505 1757 659 1807 γαςρός
704 1757 753 1799 de
794 1771 840 1800 eo
879 1758 946 1813 qm·
987 1774 1026 1800 se
1065 1759 1163 1800 solet
1203 1760 1323 1801 multo
1361 1765 1397 1801 et
1429 1762 1593 1803 delicaco
1625 1764 1706 1805 cibo

128 1828 386 1881 inquqz'tare.
452 1826 641 1879 Quorum
685 1829 720 1868 si
762 1830 854 1883 quis
897 1842 993 1884 opes
1038 1831 1181 1871 amisit
1224 1831 1421 1884 (σφαλεὶς
1463 1833 1705 1891 χρημάτων)

128 1897 262 1939 nihilo
295 1900 438 1939 minus
466 1897 609 1939 helluo
638 1902 679 1939 et
706 1898 879 1955 gulosus
907 1905 968 1941 est
1001 1914 1126 1955 quam
1153 1901 1289 1942 fuerat
1322 1906 1464 1952 antea,
1498 1904 1542 1945 id
1575 1908 1637 1946 est
1669 1906 1708 1946 ἐν

129 1969 266 2020 ταύτῷ
312 1970 437 2018 μένει.
502 1967 679 2010 Videtur
720 1969 943 2025 Euripides
973 1971 1040 2012 his
1069 1971 1259 2013 versibus
1292 1972 1569 2025 athletarum,
1608 1989 1708 2031 quos

128 2052 210 2081 non
240 2040 427 2087 amabat,
456 2039 527 2087 τὴν
556 2042 870 2090 γαςριμκργίαν
897 2043 1105 2083 insectari.
1153 2041 1313 2083 Eadem
1340 2049 1401 2084 est
1427 2046 1706 2098 parasitorum

128 2111 257 2160 ratio,
291 2111 363 2165 qui
394 2123 525 2164 quum
558 2123 630 2164 per
661 2109 876 2153 luxuriam
908 2113 1213 2166 patrimonium
1246 2111 1566 2168 dflapidasoent,
1608 2131 1706 2172 epu-

127 2179 266 2222 larum
297 2193 420 2221 causa
452 2181 593 2221 omnia
625 2180 833 2223 faciebant
867 2185 908 2223 et
939 2182 1221 2237 patiebantur.

187 2319 331 2374 Eurip.
364 2319 516 2375 fragm.
553 2317 654 2361 230.
685 2334 783 2377 pag.
817 2319 920 2364 340.

880 2391 978 2441 ἡνίκ’
1010 2392 1060 2434 ἂν
1092 2399 1199 2446 τακῇ
1232 2395 1331 2447 χιὼν

480 2460 665 2514 τέθριππ’
699 2461 860 2513 ἔχοντος
896 2462 1006 2510 ἡλίου
1040 2464 1151 2505 κατὰ
1181 2463 1323 2516 χθόνα.

128 2531 173 2573 in
202 2529 321 2573 libris
348 2535 410 2573 est
442 2531 792 2583 τεθριππεύοντος,
827 2533 935 2587 quod
963 2547 1094 2588 quum
1121 2535 1176 2576 sit
1203 2535 1424 2577 manifesto
1451 2538 1698 2583 mendosum

129 2602 407 2644 substitutum
441 2607 503 2643 est
533 2601 577 2643 id
609 2602 719 2656 quod
751 2602 881 2645 vides.
944 2603 1138 2659 Frustra,
1171 2609 1220 2646 ut
1251 2607 1417 2660 opinor,
1453 2610 1552 2662 quia
1590 2609 1699 2662 ἔχειν

129 2672 327 2722 τέθριππα
368 2672 476 2714 nihil
518 2671 619 2714 facit
660 2673 711 2714 ad
747 2687 859 2728 rem,
892 2674 963 2715 sed
995 2675 1177 2716 ἐλαύνειν
1208 2676 1407 2726 τέθριππα
1441 2677 1578 2720 solum
1611 2695 1699 2722 sen-

129 2744 283 2785 tentiae
324 2744 529 2784 convenit.
592 2742 742 2798 Itaque
784 2745 881 2798 quia
921 2743 1090 2801 Tragici
1130 2746 1266 2800 prisea
1307 2746 1441 2789 forma
1482 2748 1582 2791 ε’λοῖν
1622 2765 1696 2806 pro

130 2813 308 2855 ἐλαύνειν
341 2814 406 2855 uti
437 2812 571 2855 solent
601 2814 896 2870 corrigendum
927 2828 1014 2857 esse
1046 2815 1231 2859 videtur:

487 2882 675 2938 τέθριππ’
709 2884 910 2933 ε’ΛΩντος
945 2885 1054 2934 ἡλίου
1088 2887 1199 2929 κατα
1231 2886 1375 2939 χθόνα.
