1946 3298
899 150 985 191 443

589 275 615 317 3
649 291 695 315 =
729 287 835 317 anno
869 273 967 316 530.

586 345 613 387 4
645 359 691 381 Ξ
727 359 833 388 anno
867 343 965 387 529.
999 345 1265 402 Pythagoras
1296 346 1339 387 in
1370 344 1539 387 Italiam
1566 348 1695 390 venit.

218 417 340 460 Nunc
371 417 512 459 omnia
543 415 653 458 clara
685 420 726 458 et
757 419 899 471 aperta
931 420 1046 457 sunt:
1083 415 1349 472 Pythagoras
1379 418 1503 457 natus
1532 419 1594 458 est
1623 429 1728 458 anno

160 486 260 529 569.

458 558 576 599 venit
605 557 649 598 in
678 555 848 598 Italiam
879 559 1002 598 natus
1036 568 1161 598 annos
1194 555 1271 597 XL
1305 554 1404 597 529.

459 628 635 669 excessit
665 641 686 669 e
716 628 807 669 vita
836 631 959 668 natus
992 639 1119 668 annos
1150 625 1227 667 LX
1300 625 1400 668 509.

220 696 573 740 Confirmabimus
615 697 716 738 haec
757 698 945 751 primum
986 697 1191 738 bonorum
1239 697 1414 738 testium
1456 697 1723 743 auctoritate,

160 767 307 809 deinde
336 767 595 821 reliquorum
627 767 679 807 τὰ
713 765 1046 817 φευδομαρτύρια
1078 766 1396 822 redarguemus.

220 836 385 880 Gellius
415 835 550 878 XVII.
585 836 657 878 21.
690 840 758 887 (ex
790 836 973 878 Cornelii
1005 836 1179 891 Nepotis
1212 834 1450 891 Chronico.)
1488 836 1731 890 Pythaqoras

159 907 311 948 Samius
342 907 385 947 in
417 906 581 947 Italiam
610 907 716 947 venit
752 906 958 961 Tarquinii
977 906 1075 960 filio
1115 921 1274 959 reqnum
1315 906 1528 956 obtinente,
1579 908 1642 945 eui
1673 919 1732 946 eo-

154 982 399 1031 ¹qnomentecm
431 977 623 1030 Superbus
641 977 752 1031 suit.

221 1047 416 1089 Clemens
458 1045 683 1089 Alexandr.
728 1047 861 1088 Strom.
907 1046 939 1087 Ι.
983 1060 1080 1103 pag.
1116 1045 1215 1088 130.
1260 1045 1379 1102 sylb.
1429 1044 1534 1100 (354
1576 1044 1730 1101 Pott.):

160 1116 403 1168 Πυθαγόρας
443 1117 556 1159 κατα
588 1116 849 1167 Πολυκράτην
882 1116 949 1158 τὸν
980 1116 1167 1168 τύραννον
1200 1116 1287 1168 περὶ
1321 1118 1391 1164 την
1425 1116 1616 1167 ἑξηκοςην
1649 1113 1735 1156 δευ-

160 1186 279 1240 τέραν
312 1187 583 1237 Ὀλυμπιάδα
615 1188 857 1238 εὑρίσκεται.

220 1258 379 1300 Eodem
421 1258 596 1300 redeunt
637 1272 742 1313 quae
780 1257 982 1315 leguntur
1019 1257 1131 1313 apud
1162 1256 1444 1300 Iamblichum
1477 1256 1500 1310 ξ
1531 1254 1602 1298 88.
1636 1256 1736 1305 ἄφι-

163 1328 301 1370 κέσθαι
334 1328 401 1370 τὸν
434 1328 675 1380 Πυθαγόραν
703 1326 748 1377 ἐξ
769 1328 921 1375 Ἰωνίας
949 1327 1016 1369 καὶ
1043 1328 1187 1377 Σοέμου
1215 1327 1325 1368 κατὰ
1354 1327 1425 1375 την
1452 1325 1734 1378 Πολυκράτους

162 1399 388 1451 τυραννίδα.
422 1403 464 1441 et
495 1398 645 1441 Strabo
676 1397 787 1440 XIV.
822 1412 918 1455 pag.
955 1397 1040 1439 638
1059 1398 1094 1439 b.
1128 1397 1394 1448 Πολυκράτην
1420 1422 1469 1428 -
1493 1397 1559 1438 ἐπὶ
1593 1397 1734 1439 τούτου

164 1469 205 1511 δὲ
237 1470 304 1511 καὶ
339 1468 583 1521 Πυθαγόραν
617 1468 784 1521 ῐςοροῦσι
817 1467 1021 1519 φυομένην
1052 1467 1188 1509 ἰδόντα
1217 1468 1288 1515 την
1313 1466 1528 1518 τυραννίδα
1556 1468 1737 1508 ἐκλιπεῖν

163 1540 234 1588 την
267 1539 384 1581 πόλιν
416 1540 484 1581 καὶ
519 1540 711 1581 ἀπελθεῖν
744 1540 799 1585 εἷς
831 1539 1043 1589 Αἴγυπτον
1076 1537 1144 1579 καὶ
1178 1537 1407 1587 Βαβυλῶνα
1432 1562 1486 1568 -
1517 1537 1736 1579 ἐπανιόντα

165 1610 198 1652 δ’
230 1611 376 1652 ἐκεῖθεν
419 1610 566 1662 ὁρῶντα
610 1610 669 1652 ἔτι
713 1608 998 1660 συμμένουσαν
1039 1609 1111 1657 τὴν
1152 1607 1366 1660 τυραννίδα
1404 1607 1648 1651 πλεύσαντα
1682 1607 1737 1654 εἷς

166 1679 352 1722 Ἰταλίαν
387 1681 471 1722 ἐκεῖ
499 1680 732 1722 διατελέσαι
766 1679 833 1721 τὸν
866 1679 968 1730 βίον.

223 1751 430 1794 Diodorus
472 1749 555 1792 Sic.
597 1751 652 1792 X.
688 1750 728 1792 3.
772 1751 837 1792 ἐπ’
880 1748 1075 1802 ἄρχοντος
1118 1749 1304 1797 Ἀθήνησι
1350 1748 1591 1800 Θηρικλέους
1626 1748 1736 1790 κατα

165 1822 237 1869 τὴν
266 1821 460 1872 ἐξακοςην
487 1821 644 1873 πρώτην
664 1821 940 1871 Ὀλυμπιάδα
967 1819 1208 1872 Πυθαγόρας
1229 1820 1246 1862 ὅ
1264 1820 1489 1871 Φιλόσοφος
1508 1818 1738 1871 ἐγνωρίζετο

165 1892 419 1944 προκεκοφὼς
453 1891 524 1940 ἤδη
559 1892 597 1933 ἐν
631 1892 811 1945 παιδεία.
859 1891 1069 1933 Dicuntur
1093 1890 1196 1932 haec
1223 1890 1272 1932 de
1289 1890 1535 1947 Pythagora
1551 1889 1738 1932 nondum

164 1964 209 2005 in
240 1962 410 2005 Italiam
442 1963 626 2018 profecto
659 1966 700 2004 et
732 1962 843 2017 apud
875 1975 970 2004 suos
1001 1960 1309 2003 inclarescente.

226 2032 511 2075 stabiliuntur
553 2033 654 2075 haec
696 2033 874 2088 denique
908 2031 1061 2074 Iustini
1093 2033 1336 2073 testimonio
1368 2031 1464 2073 XX.
1509 2031 1548 2072 4.
1591 2034 1634 2072 in
1666 2045 1739 2085 quo

166 2104 337 2146 tumultu
376 2104 580 2156 sea-afflata
620 2105 743 2157 ferme
782 2104 1076 2160 (Pythagorei)
1113 2107 1291 2157 periere:
1334 2104 1452 2145 ceteri
1485 2104 1528 2144 in
1561 2103 1741 2145 emiliam

157 2174 349 2230 profecti.
411 2175 654 2229 Pytkaqoras
685 2179 813 2216 autem
843 2189 927 2215 eum
959 2188 1081 2215 annos
1111 2184 1273 2215 VIGINTI
1305 2174 1466 2217 Crotone
1492 2174 1628 2226 eyisset
1654 2173 1742 2215 Me-

168 2249 366 2297 tapontum
406 2245 588 2298 miyravit
627 2245 757 2300 ibique
796 2244 969 2287 decessit.
1033 2245 1175 2286 Annos
1216 2245 1375 2300 viginti
1416 2244 1519 2286 dicit
1552 2244 1602 2286 ab
1636 2257 1741 2286 anno

169 2315 422 2359 529—509.

229 2386 429 2442 Sequitur
453 2390 501 2429 ut
524 2387 615 2434 τοὺς
645 2385 980 2439 ψευδομαρτυρας
1010 2385 1289 2428 destruamus.
1323 2384 1368 2428 Si
1392 2386 1492 2441 quid
1509 2385 1743 2429 Iamblicho

170 2457 380 2499 credimus
411 2459 455 2499 in
485 2459 508 2512 ξ
537 2457 606 2499 11.
639 2457 905 2514 Pythagoras
939 2456 1220 2506 ὑποφυομένης
1245 2455 1335 2508 ἄρτι
1362 2462 1434 2505 τῆς
1459 2458 1742 2510 Πολυκράτους

170 2528 395 2580 τυραννίδος
427 2531 551 2568 natus
583 2540 709 2569 annos
741 2527 871 2569 ferme
893 2526 1046 2568 XVIII.
1078 2526 1182 2579 (περ)
1211 2526 1554 2569 όκτωκαιδέκατον
1581 2529 1746 2578 μαλιςα

171 2598 257 2645 ἔτος
286 2597 480 2653 γεγονώς)
514 2597 678 2639 audivit
713 2598 899 2652 primum
933 2597 1134 2651 quosdam
1168 2599 1213 2639 in
1245 2595 1421 2640 Graecia
1452 2597 1744 2653 philosophos,

172 2669 321 2711 deinde
353 2682 426 2724 per
456 2667 583 2710 XXII
615 2681 742 2710 annos
773 2668 818 2708 in
849 2668 1046 2724 Aegypto
1078 2668 1161 2709 fuit
1188 2672 1229 2710 et
1256 2667 1472 2724 Babylone
1498 2668 1603 2723 XII,
1636 2668 1747 2710 unde

173 2737 350 2781 Samum
382 2738 506 2780 rediit
537 2751 668 2792 quum
701 2740 808 2779 esset
840 2751 1043 2779 annorum
1074 2737 1185 2780 LVI.
1218 2737 1475 2780 Iamblichus
1507 2739 1529 2793 ᾗ
1559 2738 1626 2780 19.
1663 2739 1746 2780 Δύο

173 2809 220 2858 δὴ
253 2809 320 2850 καὶ
365 2808 508 2851 εἴκοσιν
549 2806 618 2857 ἔτη
652 2808 764 2849 κατα
796 2808 867 2856 τὴν
899 2807 1113 2858 Αἴγυπτον
1146 2808 1186 2849 ἐν
1217 2812 1299 2854 τοῖς
1331 2807 1490 2855 ἀδύτοις
1523 2808 1746 2850 διετέλεσεν

175 2904 232 2910 -
260 2877 329 2927 ἕως
365 2879 439 2921 ὑπὸ
466 2883 543 2921 τῶν
574 2879 646 2920 σὺν
679 2877 889 2931 Καμβύση
922 2878 1274 2931 αἰχμαλωτισθεὶς
1308 2879 1362 2926 εἰς
1394 2879 1622 2931 Βαβυλῶνα
1654 2879 1745 2933 οἰνή-
