1946 3298
962 193 1046 237 448

212 319 368 364 Aresan
411 321 461 363 de
503 320 673 378 Lysidis
715 320 851 363 salute
883 321 983 363 fecit
1015 319 1245 362 certiorem.
1312 319 1412 372 Quis
1444 333 1554 362 nunc
1584 318 1788 376 Lysidem

212 393 321 434 circa
353 406 509 433 annum
544 391 643 433 427.
678 390 833 433 Thebis
862 392 1017 432 vixisse
1050 388 1302 431 mirabitur?
1335 390 1468 432 Nemo
1500 390 1650 431 hercle.
1693 390 1786 432 Hoc

210 462 351 516 ipsum
384 464 518 518 igitur
549 464 650 504 satis
683 468 745 504 est
779 462 1022 518 argumenti
1045 459 1245 515 Lysidem
1273 459 1541 516 Pythagorae
1569 459 1786 515 aequalem

211 545 293 573 non
324 531 468 573 fuisse.

269 602 417 643 Aresas
464 602 539 643 ubi
579 601 783 657 Lysidem
825 603 966 644 vivere
1011 601 1209 657 cognovit
1253 598 1410 650 ὥρμησε
1453 600 1527 649 μὲν
1568 599 1672 651 πόθῳ
1715 603 1785 642 τοῦ

211 669 348 721 άνδρὸς
382 671 503 717 αὐτὸς
538 672 586 717 ὡς
622 670 712 723 εἶχε
746 675 954 720 πλεῦσαι,
992 671 1133 723 κομιδῇ
1168 670 1208 712 δὲ
1235 670 1301 712 διά
1327 676 1456 721 γῆράς
1483 671 1551 713 καὶ
1579 670 1787 712 άσθένειικν

210 740 407 782 ἐλλείπων
441 741 647 793 ἐπέσκηψε
680 743 844 792 μάλιςά
879 742 953 792 μὲν
986 741 1115 794 ζῶντά
1150 741 1315 789 κομίσαι
1348 741 1415 782 τὸν
1442 745 1569 783 Λῦσιν
1598 741 1651 786 εἷς
1679 742 1786 782 Ἰτά-

210 811 302 852 λίάν
346 811 366 859 ἢ
403 811 500 869 (leg.
535 813 568 853 εἷ
615 812 654 853 δὲ
697 812 772 868 μὴ)
817 813 873 854 τά
914 813 1097 862 λείψωνά
1140 810 1400 860 τεθνηκότος,
1445 811 1699 853 Plutarchus
1739 813 1786 853 de

203 882 318 933 yenio
362 882 533 923 Socratis
575 897 671 940 pag.
706 881 790 924 583
811 898 842 924 e.
888 884 959 937 qui
997 882 1114 924 addit
1157 896 1250 923 eam
1283 896 1372 923 rem
1405 886 1571 937 propter
1603 881 1714 924 bella
1744 885 1785 924 et

208 952 431 994 seditiones
479 956 520 994 et
567 953 809 1009 tyrannides
858 954 957 995 vivo
1005 954 1134 994 Aresa
1178 953 1325 994 effectu
1365 954 1557 994 caruisse.
1621 952 1784 1007 Nempe

207 1021 310 1063 belli
349 1021 693 1077 Peloponnesiaci
735 1023 907 1065 flamma
949 1022 1097 1065 Sicilia
1139 1036 1303 1078 quoque
1347 1026 1387 1064 et
1429 1022 1552 1064 Italia
1584 1023 1784 1065 ardebant

208 1096 249 1134 et
281 1093 572 1148 tranquilliora
606 1098 795 1150 tempora
828 1095 1059 1150 exspectari
1093 1094 1332 1149 oportebat,
1367 1097 1408 1135 et
1439 1092 1569 1134 multi
1596 1094 1655 1135 sic
1685 1093 1783 1135 anni

206 1162 361 1204 frustra
392 1166 712 1218 praeterierunt.

267 1234 452 1288 Apparet
491 1236 578 1276 iam
623 1234 733 1289 apud
773 1233 1057 1277 Iamblichum
1100 1238 1174 1276 aut
1216 1235 1359 1291 gravis
1401 1235 1534 1289 ipsius
1567 1248 1678 1276 error
1709 1238 1782 1277 aut

205 1317 357 1356 magna
402 1303 517 1345 labes
563 1303 782 1345 librorum.
854 1304 1027 1345 Editur:
1077 1306 1171 1353 πρὸς
1220 1298 1259 1344 ἓν
1309 1304 1510 1359 (Ἀρὲσάν)
1560 1304 1781 1356 ἀφικέσθαι

207 1373 398 1425 Δι’σδωρον
431 1373 498 1413 τὸν
534 1373 780 1416 Ἀσπένδιον.
829 1374 905 1416 Est
936 1376 1048 1416 enim
1082 1374 1242 1430 aliquid
1274 1376 1384 1416 inter
1416 1374 1598 1416 stultum
1631 1374 1783 1417 Diodo-

206 1458 324 1490 rum,
359 1445 431 1498 qui
464 1444 527 1485 ἐπὶ
557 1448 633 1485 τῶν
661 1444 877 1497 Διάδόχων
904 1447 1033 1495 vixit,
1071 1450 1120 1486 ut
1148 1459 1272 1500 supra
1298 1445 1506 1494 vidimus,
1537 1450 1579 1486 et
1605 1446 1780 1500 Aresan,

206 1515 279 1569 qui
322 1514 476 1555 biennio
517 1519 610 1570 post
651 1519 801 1556 natum
843 1515 1065 1558 Platonem
1109 1502 1272 1557 scholae
1314 1515 1541 1571 praefuisse
1575 1516 1780 1566 traditur;

205 1585 314 1625 inter
346 1598 449 1639 quos
480 1586 612 1627 medii
644 1589 741 1626 sunt
772 1586 1058 1643 Pythagorei,
1093 1599 1194 1641 quos
1225 1586 1346 1628 Plato
1379 1588 1423 1626 in
1455 1584 1577 1627 Italia
1602 1586 1713 1628 vidit
1741 1589 1783 1628 et

204 1656 394 1710 princeps
429 1657 621 1697 omnium
654 1657 877 1713 Archytas.

264 1725 340 1767 Est
368 1727 411 1767 in
443 1726 683 1768 Florentino
716 1725 867 1769 Codice
899 1729 943 1768 in
974 1727 996 1782 ᾗ
1029 1726 1115 1768 266
1148 1731 1241 1782 post
1266 1727 1417 1769 verba:
1453 1725 1492 1768 ἓν
1521 1727 1782 1778 πάροιδεχθῆ-

206 1811 268 1837 vx!
312 1795 377 1837 διά
421 1797 492 1844 τὴν
536 1797 681 1838 σπάνιν
725 1802 800 1838 τῶν
834 1798 872 1838 ἐν
904 1799 958 1849 τῷ
992 1798 1201 1847 συςήμκτι
1235 1800 1518 1848 ἈΝΔΡΩΝ,
1555 1800 1778 1854 egregium

203 1866 375 1909 lacunae
407 1866 749 1922 supplementum
782 1868 884 1909 hoc:
923 1865 1051 1923 (οὗτος
1086 1869 1125 1910 δὲ
1154 1869 1208 1914 εἰς
1237 1869 1307 1915 τὴν
1336 1869 1522 1909 Ἑλλάδα
1549 1869 1776 1912 ἐπανελθὼν

203 1936 360 1979 διέδωκε
399 1938 478 1984 τὰς
522 1939 801 1988 Πυθάγορείάς
844 1938 1009 1990 φωνάς·
1055 1938 1238 1990 ζηλωτάς
1283 1939 1321 1980 δὲ
1365 1939 1541 1989 γράφειν
1588 1939 1775 1996 (γράφει)

201 2008 389 2058 γενέσθαι
423 2013 499 2050 τῶν
529 2013 807 2061 ἈΝΔΡΩΝ)
844 2009 930 2060 περὶ
967 2009 1039 2059 μὲν
1072 2009 1318 2060 Ἡράκλειάν
1347 2011 1534 2051 Κλεινίάν
1561 2011 1630 2051 uxi
1661 2011 1776 2052 Φιλό-

202 2089 321 2127 λάον,
373 2081 412 2120 ἐν
456 2079 731 2130 Μετάπσντίῳ
775 2079 813 2120 δὲ
859 2079 1055 2130 Θεωρίδην
1101 2080 1336 2134 (Θεαρίδαν)
1380 2080 1447 2120 καὶ
1491 2079 1693 2132 Εὔρυτον,
1739 2081 1777 2122 ἕν

202 2150 385 2201 Τάραντι
420 2149 460 2191 δὲ
493 2149 717 2201 Ἀρχύταν.
769 2150 996 2192 Neminem
1023 2150 1175 2192 horum
1201 2150 1408 2192 Diodorus
1436 2151 1563 2199 vidit,
1596 2165 1777 2206 namque

200 2221 245 2261 hi
277 2234 420 2262 omnes
451 2219 641 2261 Platonis
675 2220 867 2275 aequales
900 2221 1081 2262 fuerunt.
1125 2221 1187 2263 De
1213 2221 1402 2277 Archyta
1427 2221 1613 2263 Platonis
1640 2223 1775 2263 amico

201 2292 340 2332 omnia
383 2295 481 2332 nota
520 2294 631 2332 sunt.
697 2290 760 2332 De
791 2290 984 2333 Philolao
1015 2292 1112 2334 vide
1143 2292 1429 2333 Iamblichum
1461 2293 1505 2332 in
1537 2292 1559 2346 ξ
1595 2290 1692 2333 199.
1726 2292 1775 2334 de

199 2360 361 2416 Euryto
404 2360 589 2402 Philolai
633 2361 822 2403 auditore
866 2363 887 2416 ξ
923 2361 1019 2403 139.
1065 2366 1106 2403 et
1150 2360 1247 2402 148.
1291 2362 1340 2403 de
1378 2360 1515 2403 Clinia
1546 2362 1568 2416 ξ
1603 2361 1700 2403 127.
1735 2365 1776 2403 et

201 2428 286 2471 239
332 2434 372 2471 et
410 2432 623 2485 imprimis
666 2431 688 2484 ξ
724 2430 821 2472 198.
867 2432 942 2473 ubi
985 2436 1156 2487 apparet
1188 2430 1372 2474 Cliniam
1405 2431 1629 2487 Spintharo
1663 2433 1776 2474 Aris-

201 2501 343 2541 toxeni
382 2502 493 2555 patri
535 2502 780 2543 innotuisse.
844 2503 983 2557 Atque
1024 2503 1071 2543 hi
1113 2516 1256 2544 omnes
1289 2502 1556 2559 Pythagorae
1589 2502 1773 2545 scholam

199 2570 416 2612 florentem
444 2573 486 2611 et
513 2575 766 2613 sectatorum
794 2586 969 2614 numero
993 2574 1253 2627 frequentem
1272 2572 1486 2621 viderunt,
1515 2575 1564 2613 ut
1581 2577 1776 2628 appareat

200 2641 252 2683 ad
294 2641 529 2695 sequiorem
571 2645 753 2683 aetatem
795 2642 1027 2684 Diodorum
1061 2657 1148 2685 esse
1180 2642 1463 2692 referendum,
1500 2644 1574 2697 qui
1606 2642 1670 2684 διά
1703 2645 1775 2691 τὴν

201 2710 347 2752 σπάνιν
378 2714 454 2751 τῶν
487 2710 525 2751 ἐν
559 2711 613 2761 τῷ
639 2712 846 2760 συςήμάτι
874 2714 1018 2763 ἀνδρῶν
1047 2728 1126 2754 esse
1151 2718 1324 2767 receptus
1351 2713 1515 2762 dicitur,
1546 2712 1655 2754 unde
1682 2716 1774 2756 tuto

201 2781 375 2838 colligas
406 2781 624 2822 hominem
657 2795 702 2822 eo
734 2782 887 2824 honore
919 2783 1146 2840 indignum
1178 2784 1306 2824 fuisse
1337 2783 1484 2823 videri.

260 2851 372 2908 Ergo
413 2852 516 2893 haec
559 2864 654 2906 pars
695 2850 778 2893 loci
819 2854 866 2892 de
897 2855 1229 2909 Pytbaqoreorum
1261 2853 1500 2894 successione
1530 2867 1680 2896 manca
1711 2858 1773 2896 est

200 2926 241 2965 et
269 2922 491 2977 lacunosa,
523 2921 592 2964 sed
623 2921 729 2963 nihil
763 2931 949 2977 superest
982 2923 1092 2965 unde
1125 2925 1278 2965 amissa
1309 2922 1492 2977 suppleri
1519 2928 1672 2979 queant
1699 2929 1771 2967 aut
