1946 3298
1002 195 1085 237 196

256 319 472 376 Sophoclis
513 322 628 365 ferax
670 325 711 365 613
752 320 970 364 luxurians
1001 321 1223 377 ingenium
1255 319 1301 360 in
1331 320 1450 362 tanta
1481 320 1681 363 orationis
1712 320 1831 376 copia

255 394 297 433 613
337 390 552 447 splendore
594 397 635 435 et
676 392 1041 450 grandiloquentia
1070 403 1387 445 nonnumquam
1419 391 1463 432 in
1494 392 1617 433 rebus
1649 391 1830 433 exilibus

255 462 432 503 modum
476 463 638 505 excedit
679 467 720 504 et
761 464 820 504 sic
853 462 980 503 dictio
1013 460 1061 502 fit
1093 460 1304 516 turgidior
1336 460 1403 501 καὶ
1436 461 1597 513 ψυχρά.
1660 461 1832 503 Habent

255 532 334 574 hoc
375 532 563 589 Tragici,
609 532 718 588 quod
759 536 883 587 poeta
913 532 1052 573 nescio
1083 532 1176 586 quis
1209 531 1319 586 apud
1351 531 1577 587 Epinicum
1609 532 1832 575 Comicum

260 601 433 657 (Athen.
465 616 563 659 pag.
598 601 698 644 432.
718 602 771 660 b.)
807 602 858 644 de
890 615 933 643 se
964 601 1199 657 praedicat:

916 671 1136 724 παρέδειξα
1169 678 1251 719 τοῖς
1284 678 1451 720 πολλοῖς
1484 671 1544 715 ὅτι

493 742 569 785 κᾶν
602 742 647 785 τὸ
680 743 806 796 τυχὸν
836 741 857 796 ἦ
891 742 1155 795 πραγμάτιον
1188 744 1209 793 ἢ
1245 743 1386 797 σφόδρ’
1420 742 1605 794 εὐτελές,

497 813 640 864 σεμνὸν
673 814 843 856 δύναται
872 815 977 855 τοῦθ’
1013 815 1034 862 ἡ
1068 814 1237 864 δύναμις
1272 815 1354 864 ἡμὴ
1389 820 1527 857 ποιεῖν.

259 884 388 925 etiam
432 884 550 927 foeda
595 887 637 926 et
678 899 827 940 spurca
869 884 1008 927 verbis
1039 884 1268 940 splendidis
1298 887 1452 928 vestire
1486 888 1527 927 613
1558 898 1702 928 ornare
1732 885 1832 927 scie-

257 953 383 1004 bant,
417 957 466 997 ut
495 956 539 996 in
571 953 788 1010 Sophoclis
819 955 1057 1012 fragmento
1091 954 1188 997 141.

897 1026 969 1073 τὴν
1002 1024 1207 1076 κάκοσμον
1240 1026 1405 1078 οὐράνην

496 1093 651 1148 ἔρριψεν
682 1096 761 1138 οὐδ’
794 1094 973 1149 ἥμαρτε·
1007 1096 1094 1149 περὶ
1131 1097 1163 1138 δ’
1197 1096 1280 1149 ἐμῷ
1312 1097 1419 1151 κάρα

495 1166 757 1218 κατάγνυται
790 1167 834 1208 τὸ
868 1169 1016 1219 τεῦχος
1050 1168 1091 1209 οὐ
1124 1166 1248 1219 μύρου
1281 1166 1410 1209 πνέον.

257 1239 297 1279 et
328 1238 374 1279 in
405 1237 644 1296 fragmento
675 1237 878 1294 Aeschyli
912 1236 1010 1281 174.

889 1309 961 1357 την
993 1307 1199 1359 κάκοσμον
1232 1306 1396 1361 οὐράνην

498 1378 651 1432 ἔρριψεν
684 1379 762 1421 οὐδ’
797 1377 972 1431 ἥμαρτε·
1008 1379 1095 1431 περὶ
1130 1379 1163 1421 δ’
1197 1379 1280 1432 ε’μῷ
1314 1377 1418 1434 κάρα

499 1451 694 1500 πληγεῖσ’
729 1449 978 1500 ἐναυηγησεν
1011 1448 1280 1502 ὀςρακουμένη

497 1520 619 1572 χωρὶς
652 1525 830 1572 μυρηρῶν
863 1520 1041 1572 τευχέων
1073 1521 1232 1562 πνέουσ’
1267 1521 1368 1571 ε’μοί.

256 1595 318 1634 est
349 1591 509 1647 aliquid
540 1593 650 1633 inter
683 1594 702 1639 ἡ
739 1592 944 1641 κάκοσμος
978 1591 1119 1643 οὐράνη
1154 1595 1195 1634 et
1229 1592 1249 1639 ἡ
1284 1591 1457 1640 δυσώδης
1486 1590 1586 1641 άμίς
1614 1590 1683 1633 vel
1715 1605 1837 1642 σκωρ-

255 1661 384 1713 αμίς,
430 1665 471 1704 et
514 1672 576 1704 est,
607 1665 750 1703 tamen
782 1662 909 1704 idem.
974 1661 1260 1718 Vituperanda
1292 1665 1353 1704 est
1385 1662 1530 1704 eadem
1562 1675 1716 1717 pompa
1747 1674 1839 1704 ver-

254 1733 406 1775 borum
436 1733 481 1773 in
511 1746 555 1774 re
587 1733 836 1773 tenuissima
868 1733 913 1773 in
944 1733 1098 1789 fragm.
1134 1731 1235 1774 285.

619 1801 752 1854 ὀξηρὸν
786 1800 921 1853 ἄγγος
955 1804 998 1844 οὐ
1030 1803 1320 1852 μελισσοῦσθαι
1355 1802 1507 1855 πρέπει.

257 1875 301 1916 id
346 1877 408 1916 6513
449 1871 614 1923 μέλιτος
659 1875 920 1923 πληροῦσθαι.
955 1878 995 1915 613
1027 1874 1175 1927 fragm.
1212 1872 1311 1917 567.
1345 1873 1554 1914 ε’λαιοῦται
1587 1872 1669 1924 θρίξ
1699 1872 1742 1915 id
1777 1875 1839 1915 6613

257 1944 379 1996 ἐλαίῳ
417 1944 595 1996 χρίεται.
658 1944 989 1999 Nonnumquam
1028 1945 1073 1986 in
1115 1945 1254 1986 verbis
1294 1946 1415 1987 novis
1452 1942 1658 2000 fingendis
1704 1945 1838 1985 risum

258 2018 541 2070 spectatorum
573 2015 710 2056 movit
742 2018 790 2056 ut
822 2016 866 2056 in
898 2015 1049 2071 fragm.
1089 2013 1189 2056 690.

619 2088 763 2126 ναῦται
797 2084 828 2126 δ’
862 2084 1114 2136 ἐμηρύσαντο
1148 2085 1234 2133 νηὸς
1267 2083 1441 2137 ἰσχάδα.

258 2155 480 2213 magnifice
523 2170 565 2198 se
606 2156 783 2211 putabat
825 2157 896 2204 τὴν
941 2154 1125 2207 ἄγκυραν
1171 2158 1232 2198 ita
1264 2155 1494 2211 appellasse
1527 2156 1597 2204 τὴν
1629 2154 1706 2201 τάς
1742 2157 1838 2201 ναῦς

259 2227 459 2281 ἴσχουσαν
503 2226 573 2268 sed
616 2239 696 2267 non
739 2227 943 2283 cogitavit
984 2226 1112 2269 aliam
1155 2227 1314 2279 ἰσχάδα
1360 2241 1446 2269 esse
1486 2228 1566 2269 130131
1606 2225 1761 2282 populo
1793 2227 1839 2267 in

261 2312 342 2340 ore.
377 2299 428 2340 cf.
462 2297 727 2339 Athenaeum
759 2311 855 2354 pag.
893 2296 962 2339 99.
983 2299 1022 2339 d.

321 2368 502 2410 Fallitur
544 2367 709 2409 Nauck.
754 2368 798 2408 in
839 2367 991 2424 fragm.
1038 2366 1137 2409 640.
1183 2382 1233 2410 ex
1280 2367 1455 2411 Polluce
1502 2367 1592 2410 VII.
1645 2366 1745 2409 193.
1792 2366 1838 2408 τὸ

261 2438 567 2491 κωμῳδούμενον
601 2439 639 2478 ἐν
673 2437 927 2488 Σοφοκλέους
962 2443 1074 2480 Φινεῖ

530 2507 730 2560 βλέφαρα
765 2507 964 2561 κέκληταί
995 2510 1039 2559 γ’
1071 2510 1121 2556 ὡς
1156 2508 1380 2556 καπηλείου
1417 2508 1543 2561 θύραι.

319 2580 565 2635 Suspicatur
598 2580 711 2619 enim
742 2579 869 2620 verba
900 2581 949 2623 ὡς
984 2579 1208 2627 καπηλείου
1243 2579 1353 2631 θύραι
1387 2580 1537 2621 comici
1567 2582 1712 2634 poetae
1751 2592 1838 2621 esse

259 2656 300 2695 613
342 2649 571 2705 Sophoclea
602 2650 786 2703 periisse.
849 2649 898 2690 In
930 2650 1118 2692 dramate
1152 2648 1346 2706 Satyrico
1379 2653 1421 2691 613
1451 2663 1494 2691 re
1525 2649 1689 2691 ludicra
1715 2651 1839 2704 poeta

259 2736 333 2765 suo
375 2723 466 2763 iure
507 2721 566 2760 sic
607 2720 769 2761 iocatus
811 2723 884 2761 est.
948 2720 1030 2762 Res
1064 2719 1235 2762 Comico
1267 2720 1405 2762 nescio
1439 2721 1507 2761 cui
1537 2718 1716 2761 ridicula
1747 2719 1838 2762 visa

259 2796 323 2835 est
356 2794 397 2833 et
421 2790 526 2832 lusit
558 2792 653 2830 aut:

563 2859 607 2900 τὸ
640 2862 710 2900 τοῦ
743 2860 996 2912 Σοφοκλέους
1031 2862 1080 2907 ὡς
1115 2859 1336 2907 καπηλείου
1370 2859 1477 2909 θύρα.

259 2935 332 2977 aut
353 2931 503 2987 aliquo
535 2929 666 2972 simili
697 2930 834 2972 modo.
898 2930 991 2972 Non
1024 2944 1115 2972 raro
1148 2931 1198 2972 ad
1230 2930 1506 2986 Tragicorum
1539 2929 1650 2972 locos
1689 2927 1836 2973 Urit-ici
