1946 3298
950 174 1035 218 562

207 300 448 344 Sardiniam
495 302 680 344 obtinuit
727 304 769 343 et
814 300 996 344 Romam
1039 314 1232 344 reversus
1277 315 1382 344 anno
1427 300 1514 344 124
1555 304 1781 358 postquam

208 373 320 429 apud
366 371 565 415 Censores
601 373 633 424 ¹)
684 385 852 414 causam
896 373 1023 421 dixit,
1077 372 1142 413 bis
1183 373 1316 428 gessit
1351 373 1618 414 tribunatum
1662 375 1782 415 annis

209 442 295 486 123
328 447 370 486 et
407 443 506 485 122.
544 446 585 485 et
617 456 724 485 anno
759 444 884 485 tertio
920 442 1042 498 (121)
1074 441 1203 485 lIIvir
1231 442 1404 484 coloniis
1431 442 1682 485 deducendis
1709 457 1783 499 per

207 513 447 556 tumultum
479 517 651 556 necatus
684 516 758 555 est.
805 513 920 555 Plut.
957 513 997 554 2.
1032 513 1103 555 25.
1136 514 1387 564 κατηγορίας
1421 514 1530 565 αὐτῷ
1562 514 1780 563 γενομένης

209 585 273 627 ἐπὶ
316 585 393 628 τῶν
426 589 604 634 τιμητῶν
641 609 695 616 -
729 584 809 637 ἔφη
843 585 1048 634 ταμιεύων
1079 584 1133 636 τῷ
1168 585 1359 636 ςρατηγῷ
1394 584 1780 635 παραμεμενηκέναι

208 657 383 699 ΔΙετίαν
425 660 494 698 τοῦ
537 656 655 706 νόμου
699 655 793 706 μετ’
838 654 1014 697 ἐνιαυτὸν
1059 656 1294 697 ἐπανελθεῖν
1339 654 1529 701 διδόντος·
1574 654 1691 705 μόνος
1742 655 1783 697 δὲ

209 733 285 771 τῶν
317 726 651 780 ςρατευσαμένων
682 733 833 777 πλῆρες
865 726 910 767 τὸ
943 725 1199 776 βαλλάντιον
1232 726 1488 777 εἰσενηνοχὼς
1517 727 1625 767 κενὸν
1653 725 1784 776 ἐξενη-

210 798 397 852 νοχέναι,
443 798 534 844 τοὺς
578 798 618 839 δὲ
662 797 815 843 ἄλλους
859 795 1074 843 ἐκπιόντας
1118 794 1157 838 ἓν
1188 797 1431 847 εἰσήνεγκαν
1463 794 1560 838 οἶνον
1593 797 1781 849 οέργυρίου

211 870 278 911 καὶ
311 869 478 921 χρυσίου
510 868 659 918 μεςοὺς
692 869 802 919 δεῦρο
834 868 925 914 τοὺς
958 869 1159 920 ἀμφορεῖς
1194 866 1298 915 ἥκειν
1332 867 1589 919 κομίζοντας.
1631 866 1783 909 Sumta

205 941 308 982 haec
342 943 439 982 sunt
472 954 522 981 ex
553 940 738 981 oratione
771 937 817 981 C.
852 937 1033 981 Gracchi
1069 939 1150 988 „ad
1172 939 1357 992 populum
1392 941 1432 977 in
1455 937 1654 979 contione''
1686 937 1783 994 (non

206 1012 313 1066 apud
357 1011 554 1062 Censores)
597 1009 706 1064 apud
747 1007 938 1052 Gellium
970 1009 1024 1051 N.
1059 1008 1111 1050 A.
1146 1008 1237 1050 XV.
1274 1008 1344 1050 12.
1380 1007 1606 1058 „biennium
1626 1008 1707 1063 fui
1738 1009 1782 1049 in

196 1081 408 1137 provincia
418 1099 436 1131 ;
470 1104 520 1111 —
558 1080 709 1134 itaque,
749 1080 946 1132 Quirites,
982 1095 1066 1120 cum
1097 1079 1260 1120 Romam
1281 1079 1493 1133 profectus
1523 1094 1628 1129 sum,
1663 1094 1781 1120 zonas

207 1168 305 1210 quas
325 1152 470 1206 plenas
503 1154 656 1203 amenti
687 1151 812 1191 eoebulz'
845 1166 908 1191 eas
941 1165 986 1191 eat
1008 1150 1217 1204 provincia
1250 1150 1386 1190 inanes
1411 1150 1545 1191 retuli.
1589 1150 1677 1191 Alii
1699 1150 1783 1191 vini

207 1224 430 1278 amphorem,
476 1236 572 1277 quas
603 1221 748 1274 plenas
780 1222 958 1262 tulerunt
989 1236 1053 1262 eas
1084 1225 1241 1273 amento
1273 1221 1441 1274 repleta-s
1472 1221 1623 1261 domum
1654 1235 1783 1275 repor-

207 1293 426 1338 taverunt?
487 1291 619 1334 Nulla
661 1295 722 1333 est
760 1293 896 1348 igitur
927 1292 1135 1333 dubitatio
1169 1293 1270 1346 quin
1301 1304 1375 1346 pro
1408 1292 1638 1341 ΤΡΙετίαν,
1674 1291 1784 1346 quod

209 1370 271 1408 est
300 1367 346 1407 in
376 1362 598 1406 Plutarchi
628 1361 770 1413 libris,
806 1377 955 1405 verum
989 1364 1045 1404 sit
1080 1363 1278 1416 ΔΙετίαν,
1314 1361 1423 1416 quod
1457 1365 1498 1403 et
1529 1363 1637 1404 ratio
1674 1366 1783 1404 tem-

209 1450 360 1494 porum
393 1433 624 1477 confirmat.
1137 1479 1142 1483 ,

267 1508 349 1550 Per
392 1506 509 1548 idem
550 1508 719 1559 tempus
763 1503 810 1546 O.
855 1502 1043 1547 Graccho
1077 1503 1193 1551 δίκας
1228 1505 1380 1555 ἐπῆγον
1410 1506 1460 1551 ὥς
1495 1503 1586 1550 τοὺς
1616 1501 1784 1553 συμμα·

207 1595 307 1632 χους
350 1576 550 1629 οὶφιςοὶντι
585 1576 653 1617 καὶ
688 1576 984 1624 κεκοινωνηκότι
1019 1581 1091 1624 τῆς
1125 1575 1211 1628 περὶ
1249 1575 1488 1627 Φρέγελλαν
1516 1574 1783 1624 συνωμοσίας.

207 1651 324 1693 Plut.
371 1648 409 1690 3.
455 1648 491 1689 l.
532 1646 772 1701 Obsequens
805 1660 894 1701 cap.
930 1645 999 1688 90.
1035 1661 1085 1688 ex
1116 1647 1262 1689 Livio:
1299 1647 1553 1699 „Freqellae‚
1587 1661 1686 1701 quae
1718 1647 1786 1687 ad·

209 1736 341 1765 versus
384 1720 582 1761 Romanos
623 1718 945 1767 coniuraverunt,
981 1718 1179 1759 dirutae.”
1241 1717 1306 1759 Ti.
1341 1716 1557 1760 Gracchus
1590 1719 1712 1759 sociis
1745 1721 1786 1759 ct

206 1793 371 1836 nomini
399 1791 549 1832 Latino
582 1803 697 1844 spem
730 1790 884 1830 fecerat
914 1789 1205 1843 impetrandae
1245 1790 1456 1836 civitatis,
1503 1802 1629 1843 quam
1667 1803 1785 1844 spem

209 1870 250 1908 et
291 1865 414 1906 Caius
455 1875 528 1903 sua
566 1860 662 1917 lege
704 1859 866 1901 aluerat
899 1860 1031 1914 (Plut.
1069 1860 1108 1901 5.
1144 1859 1182 1902 6.
1218 1861 1234 1901 ὁ
1269 1860 1309 1902 δὲ
1338 1861 1607 1912 συμμαχικὸς
1641 1861 1785 1911 ἰσοψη-

208 1941 309 1987 φους
354 1937 471 1975 ποιῶν
518 1937 599 1978 τοῖς
649 1931 838 1976 πολίταις
887 1930 978 1976 τοὺς
1029 1930 1339 1987 Ἰταλιώτας),
1372 1935 1421 1973 ut
1453 1936 1596 1986 postea
1637 1931 1786 1973 Livius

206 2009 369 2051 Drusus
402 2008 443 2046 et
476 2003 572 2046 alii:
609 2001 801 2044 nonnulli
835 2003 965 2043 etiam
998 2001 1237 2044 clanculum
1271 2003 1402 2044 socios
1432 2003 1483 2044 ad
1512 2002 1786 2043 defectionem

207 2076 514 2123 sollicitabant,
559 2077 606 2114 ut
647 2071 827 2114 Fulvius
858 2072 1033 2113 Flaccus
1069 2072 1301 2124 (Plutarch.
1340 2073 1408 2115 10.
1450 2073 1522 2128 15)
1556 2070 1784 2123 παροξύνων

207 2150 345 2202 κρύζρᾳ
385 2146 476 2191 τοὺς
521 2144 764 2188 Ἰταλιώτας
810 2142 905 2194 πρὸς
950 2142 1167 2187 οὶπόςασιν.
1232 2144 1378 2199 Itaque
1412 2158 1544 2198 quum
1579 2144 1785 2185 coniurati

206 2219 318 2276 apud
348 2215 618 2272 Fregellanos
650 2213 907 2255 clandestina
941 2214 991 2255 de
1023 2214 1254 2256 defectione
1287 2214 1461 2256 consilia
1493 2215 1703 2270 agitarent
1739 2228 1784 2255 re

206 2306 230 2333 a
272 2289 484 2345 proditore
523 2285 766 2327 Numitorio
809 2284 1040 2339 patefacta,
1083 2284 1278 2340 Opimius
1320 2290 1482 2340 praetor
1514 2283 1784 2341 Fregellanos

209 2360 413 2416 oppressit
445 2361 486 2398 et
518 2356 668 2397 urbem
699 2355 843 2396 diruit.
910 2356 1114 2397 Asconius
1146 2356 1357 2397 Pedianus
1388 2370 1485 2412 pag.
1525 2354 1592 2397 17.
1627 2360 1783 2405 „notum

210 2436 265 2474 6815
304 2429 496 2484 Opimium
528 2427 571 2467 ’ἰιο
594 2430 790 2479 praetura
822 2426 1026 2478 Freyellas
1059 2426 1201 2480 cepisse
1231 2441 1305 2480 quo
1326 2430 1441 2479 facto
1475 2430 1581 2467 visus
1615 2432 1670 2467 est
1700 2441 1785 2468 cae-

211 2510 311 2543 teros
339 2513 486 2554 quoque
517 2496 686 2538 nominis
717 2496 864 2538 Latina·
896 2497 1018 2538 socio-9
1049 2498 1148 2537 male
1180 2498 1369 2538 animatos
1401 2497 1664 2551 repressisse?
1713 2499 1786 2539 Co-

208 2573 298 2614 nati
340 2572 437 2611 sunt
474 2569 610 2623 igitur
651 2567 817 2608 inimici
857 2566 964 2608 hanc
1007 2566 1108 2609 Caio
1152 2568 1360 2610 invidiam
1404 2567 1580 2609 conflare
1609 2569 1659 2613 ὡς
1691 2568 1785 2615 τοὺς

211 2639 462 2692 συμμάχους
495 2635 695 2687 ἀφιςοέντι
731 2637 797 2678 καὶ
827 2637 1121 2685 κεκοινωνηκότι
1151 2643 1222 2686 τῆς
1251 2639 1337 2689 περὶ
1369 2639 1607 2690 Φρέγελλαν
1637 2638 1786 2689 ἐνδειχ-

212 2713 340 2760 θείσης
384 2708 658 2761 συνωμοσίας,
701 2707 773 2749 sed
813 2707 936 2750 facile
975 2708 1050 2750 has
1094 2708 1327 2750 calumnias
1370 2723 1512 2751 omnes
1557 2708 1682 2750 diluit
1715 2708 1782 2750 καὶ

253 2884 283 2922 1)
325 2883 475 2913 Censores
507 2890 589 2911 anno
626 2879 686 2909 125
724 2878 797 2909 facti
836 2880 907 2909 sunt
944 2879 998 2910 Cn.
1039 2879 1190 2911 Servilius
1227 2879 1358 2922 Caepio,
1396 2880 1430 2910 L.
1468 2878 1592 2910 Cassius
1625 2879 1786 2921 Longinus

207 2937 342 2970 Ravilla.
