1946 3298
972 183 1029 236 22

215 323 333 366 XIII.
367 323 406 365 5.
439 337 536 379 pag.
570 319 669 364 767.
702 319 836 361 Bekk.
870 321 939 360 καί
975 334 1040 368 μοι
1075 319 1183 360 δοκεῖ
1212 317 1387 368 μεγίςην
1421 316 1503 358 θεὸν
1532 322 1614 363 τοῖς
1643 314 1784 367 ανθρώ-

215 411 303 443 ποις
339 396 360 443 ἡ
393 393 516 447 φύσις
547 389 759 438 άποδεῑξαι
791 390 861 436 την
894 390 1085 438 ἀλήθειαν
1119 389 1185 430 καὶ
1221 388 1396 438 μεγίςην
1424 389 1529 440 αὐτῇ
1559 388 1784 440 προσθεῖναι

216 466 400 515 δύναμιν.
447 462 609 504 πάντων
650 463 746 511 γοῦν
790 461 917 507 αὐτην
959 458 1345 511 καταγωνιζομένων
1388 457 1510 499 ἐνίοτε
1543 458 1612 500 καὶ
1646 463 1786 500 πασῶν

218 540 296 578 τῶν
339 534 607 581 πιθανοτήτων
650 531 760 581 μετά
804 533 873 571 τοῦ
918 529 1087 580 ψεύδους
1135 528 1393 578 ταττομένων
1440 529 1509 570 οὐκ
1557 526 1632 570 οἷδ’
1681 526 1785 575 ὅπως

219 606 323 653 αὕτη
365 603 412 646 δι’
456 603 581 650 αὐτῆς
625 602 678 647 εἷς
712 600 788 646 τοὶς
821 600 968 651 ψυχας
1003 600 1202 641 εἰσδύεται
1236 603 1311 640 τῶν
1344 599 1552 650 ἀνθρώπων
1583 599 1656 641 καί
1687 615 1787 641 ποτε

217 677 291 727 μὲν
324 678 583 726 παραχρῆμα
615 672 784 713 δείκνυσι
817 671 887 718 την
920 671 1047 718 αὐτῆς
1076 670 1266 720 δύναμιν,
1298 669 1395 711 ποτὲ
1423 668 1473 710 δὲ·
1493 669 1620 711 πολὺν
1648 668 1788 722 χρόνον

218 745 541 788 ἐπισκοτισθεῖσα
586 742 685 799 (leg.
729 741 1069 792 ἐπισκοτΗθεῖσα)
1111 739 1227 787 τέλος
1272 739 1376 786 αὐτη
1420 738 1469 780 δι’
1516 739 1662 788 ἑαυτῆς
1707 741 1788 781 ἐπι-

221 821 364 870 κρατεῖ
390 816 458 858 καὶ
493 812 822 864 καταγωνίζεται
857 813 901 854 τὸ
933 812 1092 862 ψεῦδος.
1161 810 1298 862 Quam
1328 810 1460 852 libero
1490 824 1558 852 ore
1583 810 1791 867 Polybius

222 886 479 930 Graecorum
520 885 803 926 temeritatem
845 886 886 923 et
927 882 1196 924 consiliorum
1236 882 1554 936 perversitatem
1585 883 1793 923 notaverit

209 965 303 1000 mo
341 957 431 998 loco
472 955 688 997 ostendam
729 958 778 994 ut
819 967 948 1009 grave
990 967 1040 994 ex
1077 966 1123 994 eo
1154 951 1356 993 mendum
1390 951 1553 993 tollam.
1615 951 1794 1008 Legitur

219 1028 292 1070 lib.
343 1025 552 1068 XXXIX.
602 1026 641 1066 2.
689 1037 784 1080 pag.
837 1022 965 1065 1163,
1009 1023 1142 1065 Bekk.
1186 1022 1241 1064 διὸ
1284 1022 1353 1063 καὶ
1396 1022 1489 1063 λίαν
1528 1022 1624 1064 δοκῶ
1658 1027 1791 1069 καλῶς

223 1100 318 1148 ἡμῖν
350 1098 524 1149 εἰρῆσθαι
559 1095 654 1137 διότι
689 1093 896 1146 προςάτας
925 1093 1186 1145 πραγμάτων
1211 1092 1549 1144 εΟΜΟΙΟτέρους
1578 1097 1653 1134 τῶν
1681 1092 1794 1145 παρα

221 1174 303 1215 τοῖς
333 1168 510 1215 Ἕλλησι
542 1165 635 1208 τότε
669 1166 736 1206 καὶ
770 1165 883 1216 παρα
914 1169 995 1211 τοῖς
1026 1164 1311 1218 Καρχηδονίοις
1346 1163 1610 1216 ὑπαρξάντων
1642 1164 1711 1204 οὐκ
1745 1163 1794 1205 ἂν

221 1238 318 1291 εὕροι
361 1254 421 1285 τις
455 1236 606 1291 ῥαδίως.
672 1235 792 1277 Nihil
824 1238 886 1277 est
918 1235 1184 1287 ὁμοιοτέρους,
1219 1235 1291 1277 sed
1322 1234 1529 1291 Polybius
1560 1248 1643 1276 non
1675 1234 1794 1276 dubi-

220 1312 382 1353 taverat
412 1308 547 1350 dicere
580 1306 846 1359 ηλιθιωτέρους
882 1305 1293 1362 (ἨΛΙΘΙΩτέρους).

279 1447 486 1504 Polybius
525 1446 600 1487 ubi
641 1446 786 1487 scribit
825 1445 1036 1487 XXXIX.
1082 1445 1121 1486 1.
1142 1459 1265 1502 θΡεῑς.
1302 1445 1434 1488 1159.
1468 1445 1603 1487 Bekk.
1635 1445 1794 1487 lassum

219 1519 386 1562 lectoris
417 1519 610 1559 animum
641 1518 843 1559 varietate
876 1520 1223 1573 argumentorum
1256 1515 1369 1558 refici
1401 1520 1442 1558 et
1472 1517 1649 1558 recreari
1680 1529 1795 1571 opor-

222 1594 331 1639 tere,
381 1588 519 1630 addit:
568 1588 623 1629 διο
671 1587 738 1628 καὶ
790 1588 866 1628 τῶν
915 1587 1099 1640 άρχαίων
1147 1587 1423 1640 συγγραφέων
1471 1588 1503 1629 οἱ
1550 1586 1793 1637 λογιώτατοι

222 1660 378 1702 δοκοῦσί
419 1673 484 1708 μοι
526 1659 890 1710 προσαναπαῦσθαι
923 1659 977 1710 τῷ
1011 1658 1141 1711 τρόπῳ
1174 1658 1317 1711 τούτῳ.
1384 1657 1556 1701 Geelius
1589 1673 1792 1710 προσανα-

222 1730 480 1773 ΠΕπαῦο-θαι
523 1731 721 1779 coniecit,
765 1729 875 1784 quod
916 1729 1132 1771 Bekkerus
1163 1731 1333 1784 recepit.
1406 1728 1576 1771 Nollem
1608 1729 1792 1771 factum:

222 1814 304 1843 non
331 1801 443 1841 enim
471 1813 596 1841 suum
624 1802 815 1841 animum
840 1800 1029 1841 historici
1055 1804 1242 1842 recreant
1269 1800 1340 1842 sed
1365 1799 1594 1854 lectorum,
1617 1813 1795 1854 quorum

222 1872 408 1913 satietati
450 1874 683 1912 occurrunt.
777 1870 1059 1922 Quamobrem
1112 1873 1298 1926 suspicor
1339 1871 1488 1912 fuisse:
1533 1870 1691 1911 δοκοῦσί
1728 1886 1794 1920 μοι

226 1941 332 1997 (τοὺς
377 1940 726 1992 ἐντυγχάνοντας)
769 1944 1114 1993 προσαναπαῦσαι
1157 1943 1211 1994 τῷ
1255 1940 1384 1993 τρόπῳ
1427 1940 1568 1993 τούτῳ.
1636 1940 1796 1982 Deinde

225 2012 274 2053 de
315 2024 421 2065 uno,
460 2024 584 2065 quem
614 2024 695 2052 non
726 2013 934 2062 nominat,
966 2013 1027 2054 ita
1059 2012 1183 2053 dicit:
1217 2012 1273 2053 τα
1305 2011 1418 2053 κατα
1452 2012 1522 2059 την
1558 2010 1796 2052 Θετταλίαν

223 2081 480 2132 ἐξηγούμενοι
514 2082 581 2123 καὶ
614 2082 690 2128 τοὶς
727 2081 995 2135 Ἀλεξάνδρου
1028 2086 1097 2124 τοῦ
1134 2083 1299 2134 Φεραίου
1332 2081 1500 2133 πράξεις
1528 2082 1689 2132 μεταξὺ
1717 2082 1794 2128 τας

224 2154 335 2193 κατά
368 2152 665 2199 Πελοπόννησον
697 2153 1027 2203 Λακεδαιμονίων
1062 2153 1262 2203 ἐπιβολάς
1296 2154 1530 2203 διηγοῦνται
1563 2153 1630 2194 καὶ
1669 2151 1796 2194 πάλιν

224 2224 302 2270 τάς
351 2223 569 2269 Ἀθηναίων
616 2221 672 2264 ἔτι
722 2223 761 2264 δὲ
809 2224 886 2269 τας
935 2224 1047 2265 κατα
1095 2222 1354 2265 Μακεδονίαν
1396 2223 1417 2272 ἢ
1461 2224 1533 2271 την
1565 2222 1793 2275 Ἰλλυρίδα,

227 2291 406 2334 κάπειτα
453 2293 736 2345 διατρίψαντες
780 2293 943 2344 λέγουσι
977 2295 1048 2342 την
1079 2293 1336 2347 Ἰφικράτους
1370 2295 1425 2340 εἷς
1456 2294 1669 2345 Αἴγυπτον
1701 2310 1797 2346 ςρα-

226 2364 340 2406 τείαν
382 2363 449 2405 καὶ
492 2364 546 2405 τα
580 2362 780 2416 Κλεάρχῳ
813 2365 1054 2416 πραχθέντα
1085 2365 1422 2417 παρανομήματα
1456 2365 1568 2406 κατα
1600 2364 1668 2406 τὸν
1699 2363 1798 2406 Πόν-

227 2450 307 2476 τον.
341 2438 382 2476 et
413 2438 506 2489 post
533 2446 681 2489 pauca:
717 2435 851 2476 ἐκεῖνοι
884 2436 1123 2485 μνησθέντες
1157 2440 1238 2482 πῶς
1268 2434 1491 2487 Βράδυλλις
1520 2436 1536 2476 ὂ
1565 2440 1641 2477 τῶν
1666 2437 1797 2477 Ἰλλυ-

227 2506 313 2556 ρίων
343 2504 544 2555 βασιλεὺς
578 2504 646 2546 καὶ
681 2505 992 2556 Κερσοβλέπτης
1027 2506 1043 2547 ὁ
1076 2511 1152 2548 τῶν
1186 2510 1351 2560 Θρακῶν
1385 2507 1691 2555 κατεκτήσαντο
1719 2507 1797 2552 τας

231 2575 442 2622 δυναςείας
483 2574 613 2616 οὐκέτι
657 2575 908 2626 προστιθέασι
953 2577 996 2617 τὸ
1037 2577 1221 2628 συνεχές.
1287 2576 1348 2619 De
1391 2591 1472 2632 quo
1512 2577 1615 2619 haec
1657 2579 1799 2619 omnia

231 2644 454 2688 dicuntur?
520 2645 659 2687 Facile
706 2649 768 2686 est
812 2646 856 2687 id
900 2649 1078 2701 reperire
1124 2661 1306 2703 namque
1351 2661 1460 2689 unus
1507 2662 1557 2689 ex
1603 2648 1799 2689 omnibus

230 2717 453 2758 historicus
484 2719 569 2765 est,
603 2716 713 2770 apud
745 2729 869 2770 quem
900 2717 1000 2758 haee
1033 2720 1174 2760 omnia
1204 2718 1440 2760 luculenter
1471 2719 1658 2773 exposita
1686 2717 1799 2775 lege-

231 2787 406 2836 bantur,
448 2800 597 2841 nempe
639 2796 928 2829 THEOPOMPUS.
992 2788 1074 2830 Res
1116 2794 1175 2830 est
1212 2793 1301 2830 tam
1331 2791 1550 2845 perspicua
1579 2792 1629 2830 ut
1659 2789 1799 2832 verbis

227 2871 309 2899 non
340 2863 476 2913 egeat.

286 2926 501 2969 Utendum
546 2927 679 2982 igitur
714 2926 885 2982 Polybii
919 2929 1166 2971 auctoritate
1199 2934 1261 2971 est
1293 2931 1482 2985 primum
1514 2931 1565 2973 ad
1598 2931 1798 2973 constitu·
