1946 3298
944 169 1028 212 418

203 295 298 339 aliis
344 295 438 339 loeis
477 298 608 339 miror.
679 294 788 349 Quid
826 294 927 339 enim
969 295 1103 338 erebra
1145 294 1222 336 illa
1262 292 1518 350 ταῦταλογίᾳ
1559 307 1654 348 opus
1693 289 1775 335 est?

259 367 519 410 Iamblichus
561 380 815 422 quamquam
858 370 972 409 totus
1009 365 1156 408 alienis
1187 366 1334 421 pennis
1367 368 1588 408 exornatus
1618 363 1777 406 incedit

199 442 343 481 tamen
381 451 612 492 numquam
647 451 898 492 quemquam
935 451 1078 479 eorum
1112 450 1214 491 quos
1245 436 1492 491 compilavit
1523 435 1778 478 nominatim

199 507 346 550 laudat
375 512 666 563 praeterquam
697 509 741 549 in
772 521 855 549 uno
886 507 975 549 loco
1008 508 1030 561 ξ
1063 506 1147 548 251
1193 510 1331 548 ταῦτα
1360 507 1434 555 μὲν
1451 503 1775 556 οὖνἈριςόξ-ἐνος

200 579 419 629 διηγεῖται.
461 578 706 630 Νικόμαχος
753 577 794 619 δέ
820 583 917 632 -ς
950 576 1052 618 254.
1087 576 1174 618 ἐπεὶ
1208 576 1248 618 δὲ
1281 577 1350 618 καὶ
1385 576 1654 618 Ἀπολλώνιος
1687 574 1775 626 περὶ

200 652 278 691 ’τῶν
321 649 452 689 αὐτῶν
496 647 575 692 ἔςιν
617 645 714 690 ὅπου
759 648 955 700 διαφωνεῖ
978 646 1142 699 -φέρε
1186 646 1231 695 δὴ
1269 647 1336 688 καὶ
1369 647 1441 694 τὴν
1473 647 1614 688 τούτου
1646 660 1776 695 πικραι-

200 719 358 771 oausam
401 718 596 769 διήγησιν.
660 719 715 761 Et
754 719 830 761 hos
873 718 1044 773 quidem
1086 718 1274 759 maxime
1314 718 1360 759 in
1392 721 1479 759 toto
1510 716 1619 758 libro
1649 719 1777 758 testes

200 791 390 846 sequitur
432 789 585 831 addens
627 789 804 831 subinde
845 787 928 830 alia
966 787 1135 829 aliunde
1168 790 1331 838 sumta,
1366 787 1416 830 de
1448 787 1600 843 quibus
1631 799 1778 842 operae

201 862 387 918 pretium
430 863 492 903 est
534 861 769 903 acutissimi
809 859 1025 902 Meinersii
1066 859 1318 900 sententiam
1351 857 1507 900 audire.
1572 856 1687 909 Quae
1717 856 1776 898 le-

200 935 360 990 guntur
390 933 411 987 §
445 930 607 973 1—30.
639 930 779 972 iudice
812 929 1039 972 Meinersio
1073 930 1240 985 scripsit
1272 928 1543 985 Apollonius.

291 1000 480 1045 30—37.
542 999 840 1043 Nicomachus.

289 1070 480 1115 37—57.
543 1070 837 1113 Dicaearchus.

290 1140 476 1185 58-59.
542 1140 788 1183 Heraclides
819 1139 1032 1183 Ponticus.

289 1211 479 1255 60—63.
543 1210 840 1254 Nicomachus.

287 1281 479 1326 64-87.
540 1281 764 1339 Diogenes.

289 1353 386 1397 88-
409 1353 481 1396 89.
545 1356 689 1396 auctor
717 1353 902 1393 incertus
934 1350 1071 1393 futilis
1104 1364 1150 1392 ac
1181 1363 1333 1392 recens.

289 1423 481 1468 90—93.
544 1423 652 1466 levis
683 1423 804 1465 testis
837 1422 1038 1477 sequioris
1073 1421 1236 1464 aetatis.

290 1493 512 1537 94—103.
545 1494 831 1536 Aristoxenus.
1129 1495 1133 1499 '

261 1564 513 1611 103-140.
545 1564 755 1621 Diogenes
787 1577 837 1605 ex
868 1562 1138 1606 Nicomacho.

262 1635 513 1680 115—121.
548 1634 832 1678 Nicomachus
863 1635 908 1676 in
940 1632 1184 1676 Enchiridio
1216 1630 1505 1674 Harmonices.

262 1706 514 1750 140-148.
547 1709 729 1763 nugator
760 1718 914 1747 recens.

263 1776 513 1821 149-167.
546 1778 729 1819 incertus
763 1779 906 1818 auctor
935 1774 1044 1818 levis
1077 1788 1124 1817 ac
1155 1787 1311 1817 recens.

262 1847 512 1893 167-248.
547 1848 722 1903 scriptor
755 1848 965 1902 antiquus,
993 1846 1166 1888 fortasse
1191 1844 1436 1895 Clearchus,
1469 1845 1542 1900 qui
1568 1843 1785 1900 complura

548 1919 700 1961 sumsit
733 1917 783 1959 ab
815 1918 1065 1960 Aristoxeno
1099 1919 1141 1958 et
1172 1915 1444 1958 Dicaearcho.

261 1990 510 2036 229—240.
546 1990 836 2032 Aristoxenus.

261 2059 514 2107 248—251.
547 2060 837 2102 Aristoxenus.

264 2130 514 2178 251-253.
548 2128 841 2173 Nicomachus.

262 2201 512 2247 254-267.
547 2200 809 2256 Apollonius.

416 2273 516 2316 265.
551 2274 695 2314 auctor
727 2269 863 2312 futilis
896 2284 943 2313 ac
975 2284 1130 2313 recens.

261 2346 378 2388 Haec
415 2343 691 2392 Meinersius‚
736 2342 804 2383 cui
845 2342 890 2383 in
932 2340 1142 2397 plerisque
1185 2340 1409 2394 assentior,
1452 2339 1535 2381 nisi
1572 2337 1682 2394 quod
1714 2352 1784 2380 ex·

204 2420 345 2472 cerpta
386 2413 612 2456 Iamblichi
652 2414 695 2453 in
737 2413 986 2454 minutiores
1018 2415 1157 2467 partes
1199 2411 1376 2452 dissecta
1418 2409 1546 2451 fuisse
1589 2408 1783 2466 intelligo

205 2492 245 2531 et
283 2486 475 2541 longiora
520 2484 779 2540 fragmenta,
824 2486 873 2524 ut
915 2482 1144 2538 dispescuit
1184 2481 1462 2530 Meinersius‚
1506 2493 1589 2522 non
1621 2493 1785 2536 semper

203 2558 302 2611 uni,
336 2554 407 2596 sed
439 2555 602 2608 saepius
635 2552 824 2607 pluribus
859 2552 1082 2595 tribuenda
1116 2566 1271 2594 censeo.

265 2627 462 2669 Primum
504 2623 696 2664 omnium
735 2623 1157 2666 animadvertendum
1190 2626 1252 2665 est
1283 2635 1410 2678 quam
1442 2621 1626 2677 dispares
1659 2623 1784 2664 testes

204 2700 331 2741 homo
376 2693 684 2737 consociaverit.
750 2692 857 2735 Sunt
904 2695 1068 2749 antiqui
1115 2696 1156 2735 et
1202 2706 1394 2735 summae
1435 2692 1696 2734 auctoritatis
1738 2705 1784 2734 ac

206 2769 304 2811 fidei
335 2764 547 2820 imprimis
579 2764 876 2806 Amsroxnuus
910 2768 950 2806 et
982 2763 1306 2813 D10AEARcffos,
1341 2762 1451 2818 apud
1483 2774 1585 2816 quos
1615 2775 1714 2804 sana
1739 2775 1785 2804 ac

210 2839 347 2883 sobria
389 2849 435 2878 ac
476 2847 575 2876 vera
618 2837 715 2875 sunt
748 2835 900 2876 omnia.
966 2834 1055 2876 Alii
1086 2838 1228 2876 contra
1260 2833 1459 2888 sequioris
1492 2833 1640 2873 aetatis
1671 2831 1784 2875 leves

209 2913 251 2953 et
290 2906 457 2961 futileS,
502 2907 726 2961 nugatores
757 2905 878 2948 meri.
940 2904 1033 2948 Non
1065 2904 1204 2947 multa
1236 2906 1329 2947 tuto
1362 2901 1583 2958 Apollonio
1618 2902 1783 2958 credas,
