1946 3298
922 179 1007 224 174

189 305 233 348 in
277 305 425 348 Attica
456 305 568 347 ἅττα
602 307 690 347 sine
719 305 809 347 ulla
840 307 1096 360 exceptione.
1159 303 1285 345 Vides
1315 304 1450 360 igitur
1481 317 1607 359 quam
1639 302 1773 359 negli-

189 383 337 435 genter
382 378 697 420 Grammaticus
745 377 794 418 de
842 391 884 418 re
932 381 1021 418 tam
1070 374 1255 429 simplici
1301 376 1527 429 scripserit.
1591 373 1772 415 Omnino

189 451 271 490 nisi
313 451 407 503 quis
438 448 782 502 Harpocrationis
815 446 944 493 λέξεις
980 447 1055 487 diu
1087 449 1128 486 et
1159 444 1347 485 multum
1382 446 1612 486 versaverit
1641 445 1774 485 incre-

190 519 321 561 dibile
354 519 391 560 ei
423 519 617 560 videatur
646 530 773 572 quam
803 516 939 558 multa
964 516 1123 557 leviora
1151 519 1192 556 et
1217 514 1358 556 futilia
1385 519 1426 556 et
1452 529 1577 556 usum
1603 514 1773 556 nullum

189 590 387 631 habentia
431 589 620 630 eruditus
665 586 888 628 Oratorum
931 588 1172 628 Atticorum
1220 585 1351 626 lector
1397 590 1437 626 et
1483 587 1687 640 interpres
1729 586 1773 625 in

190 674 310 701 suam
342 658 450 708 λέξιν
482 658 667 713 undique
699 658 961 713 congesserit.
1014 656 1095 708 Qui
1128 656 1178 696 ad
1208 654 1383 706 δεκάζων
1413 655 1633 710 adscripsit
1662 654 1698 699 ὅ,
1733 669 1771 696 τι

191 731 288 771 ποτε
332 730 441 770 τοῦτ’
484 728 541 771 ἐς)
589 728 704 774 δῆλον
739 725 918 780 ἅπασιν,
952 727 1066 768 idem
1099 725 1237 767 multo
1270 727 1398 767 etiam
1433 727 1596 766 notiora
1627 725 1772 767 sedulo

189 803 488 855 interpretatur
518 798 653 840 veluti
687 797 945 848 ἁμωσγέπως
975 802 1017 838 et
1044 799 1200 838 iterum
1230 797 1421 837 ἀπειπεῖν
1451 797 1632 841 (nescius
1656 796 1772 837 ἀπει-

191 877 280 913 πεῖν
316 884 403 912 esse
435 869 553 911 verbi
588 870 860 919 ἀπαγορεύειν
896 869 1119 917 aoristum)
1147 871 1188 908 et
1215 866 1297 908 alia
1321 880 1402 908 non
1427 867 1571 907 minus
1597 868 1774 921 protrita

191 956 237 983 ac
268 941 431 983 nemini
461 942 620 996 ignota.
678 939 787 991 Quid
820 939 986 993 prodest
1016 942 1079 978 tot
1106 940 1278 979 nomina
1305 938 1478 978 urbium
1506 937 1632 978 verbo
1661 950 1772 978 com-

190 1024 421 1053 memorare
454 1015 495 1052 et
526 1010 580 1051 τοὶ
613 1015 687 1051 τῶν
724 1009 913 1056 Ἀθήνησι
950 1013 1090 1060 φυλῶν
1124 1007 1309 1057 dummoc
1342 1013 1383 1049 et
1417 1007 1470 1047 τὰ
1506 1011 1580 1047 τῶν
1614 1005 1771 1055 δήμωνῖ

191 1081 333 1138 Magis
365 1082 495 1122 etiam
521 1080 674 1121 inutile
702 1087 764 1121 est
797 1080 906 1134 quod
940 1080 1112 1134 apponit
1143 1079 1363 1119 hominum
1398 1077 1675 1132 quorumdam
1703 1090 1773 1118 no-

192 1154 310 1193 mina
335 1151 397 1192 nil
422 1151 575 1192 addens
602 1155 767 1205 praeter
792 1149 915 1199 ἕνομοο
941 1150 1079 1201 κύριον.
1126 1147 1206 1191 Cui
1233 1150 1400 1191 tandem
1426 1148 1592 1203 prodest
1608 1148 1772 1204 legere:

547 1220 605 1262 ”A
619 1237 636 1271 ρ
651 1223 668 1261 θ
684 1237 715 1269 μ
729 1237 738 1260 ι
752 1236 768 1261 ο
783 1237 800 1266 ς
815 1235 823 1262 :
858 1219 982 1270 ὄνομα
1019 1221 1158 1270 κύριον.

555 1290 819 1343 'Api-5555:
854 1289 978 1339 ἔνομοο
1011 1290 1080 1331 aa)
1114 1293 1229 1331 τοῦτο
1264 1289 1402 1339 κύριον.

192 1368 288 1406 aut:

556 1431 757 1481 Σίμωνῖ
791 1430 916 1480 ὄνομα
950 1430 1090 1480 κύριον.

193 1508 266 1547 aut
308 1503 468 1546 similia
509 1505 680 1559 passim.
745 1502 888 1543 Etiam
929 1503 974 1543 in
1012 1502 1079 1543 his
1112 1489 1431 1556 nonnumquam
1463 1501 1771 1556 hallucinatur,

190 1575 328 1619 veluti
358 1577 402 1617 in

497 1653 531 1686 Δ
551 1654 708 1695 ερκυλ
726 1643 869 1689 ίδοοςε
904 1642 1237 1691 Λακεδαιμονίων
1270 1641 1487 1692 βασιλεύς.

190 1731 286 1759 nam
324 1719 416 1772 quis
445 1718 577 1758 nescit
605 1714 875 1771 Dercylidam
904 1715 969 1754 τον
1000 1715 1181 1766 Σίσυφον
1207 1728 1289 1756 non
1315 1714 1442 1755 fuisse
1471 1713 1773 1769 Spartanorum

189 1785 362 1844 regem?
425 1785 601 1841 Saepius
634 1794 674 1826 et
706 1787 880 1841 gravius
913 1790 1056 1839 peccat
1086 1787 1130 1826 in
1162 1787 1253 1839 ipsa
1281 1789 1358 1825 τῶν
1391 1784 1537 1832 λέξεων
1570 1786 1773 1839 interpre-

189 1860 370 1907 tatione,
414 1856 549 1898 veluti
593 1857 635 1896 in
684 1855 1168 1904 Ἀποδιδόμενοι-οέντὶ
1213 1859 1282 1896 τοῦ
1327 1855 1606 1909 ἀποδιδόντες,
1650 1859 1690 1897 et
1728 1857 1773 1896 in

192 1929 368 1978 Θέμενος
415 1929 469 1969 τὰ
502 1925 612 1968 δ’πλοο
648 1931 689 1968 et
721 1930 765 1967 in
799 1928 937 1975 Λόγου
971 1932 1115 1977 τυχεῖν
1148 1931 1189 1967 et
1221 1928 1264 1967 in
1297 1925 1472 1977 ’ἐξένιζε
1505 1931 1547 1968 et
1579 1924 1772 1980 Ξενίζειν,

190 2007 232 2042 et
265 1999 518 2055 quibusdam
555 1997 662 2039 aliis.
1197 2034 1203 2037 .

253 2068 595 2112 Condonabimus
637 2070 674 2109 ei
719 2069 820 2110 haec
863 2069 1005 2109 omnia
1047 2071 1089 2109 et
1131 2069 1167 2108 si
1209 2067 1311 2122 quid
1354 2067 1481 2108 habet
1520 2067 1619 2108 boni
1661 2068 1775 2123 grati

191 2143 379 2190 utemur,
423 2140 548 2181 modo
591 2153 642 2180 ne
675 2140 768 2193 quis
800 2139 874 2180 ubi
907 2137 1108 2179 nonnulla
1140 2139 1228 2179 sine
1260 2142 1365 2179 teste
1398 2141 1701 2179 commemorat
1729 2139 1772 2179 in

190 2211 307 2253 illius
339 2212 587 2253 auctoritate
620 2209 779 2264 aliquid
810 2209 1004 2264 ponderis
1035 2211 1169 2250 inesse
1202 2209 1441 2249 arbitretur.

253 2349 299 2391 Si
331 2350 434 2404 quid
465 2349 788 2404 Harpocrationi
822 2348 1056 2389 credimus:
1091 2348 1257 2400 ἐνιαχοῦ
1292 2346 1485 2398 παρέλκει
1519 2347 1564 2388 τὸ
1608 2347 1768 2389 birra.

194 2420 435 2462 Afferuntur
468 2420 518 2460 ab
551 2419 645 2460 aliis
677 2420 778 2460 haec
810 2418 1002 2473 exempla
1014 2432 1024 2468 ¹;
1060 2433 1110 2460 ex
1142 2419 1432 2473 Aristophanis
1464 2420 1538 2461 Αυ,
1578 2418 1706 2459 1514.

463 2489 678 2531 ἀπόλωλεν
713 2490 730 2531 ὁ
765 2491 878 2534 Ζεύς.
900 2514 952 2519 -—
974 2489 1105 2536 πηνίκ’
1139 2487 1233 2530 ἅττ’
1268 2490 1484 2537 ‹imbui-03

194 2564 256 2602 et:

462 2630 583 2670 πυθοῦ
617 2630 789 2682 χελιδὼν
823 2630 954 2676 πηνίκ’
988 2631 1100 2672 ἅττα
1135 2632 1346 2682 Φαίνεται.

191 2701 262 2742 sed
303 2714 436 2754 neque
482 2698 593 2740 ἄττοο
634 2713 768 2754 neque
810 2701 1041 2755 quidquam
1083 2702 1377 2743 huiuscemodi
1414 2715 1558 2742 revera
1587 2716 1772 2755 superva-

190 2787 302 2812 cuum
344 2774 405 2811 est
447 2776 488 2812 et
529 2769 737 2820 παρέλκει.
803 2769 1170 2821 Quemadmodum
1208 2773 1363 2813 dicitur
1396 2777 1476 2817 πῶς
1510 2787 1572 2817 τι,
1607 2777 1649 2813 et
1680 2786 1770 2814 sae-

190 2843 363 2897 pissime
406 2841 713 2889 οὐδοπωστιοῦν,
759 2841 818 2881 sic
851 2844 893 2881 et
924 2841 1134 2882 adverbiis
1167 2844 1365 2896 temporis
1397 2855 1624 2896 pronomen
1656 2842 1770 2884 idem

189 2915 233 2954 in
275 2910 431 2967 plurali
473 2923 648 2952 numero
681 2909 850 2952 additur
884 2912 1017 2959 πηνίκ’
1053 2911 1167 2952 ἄττα
1201 2916 1242 2953 et
1275 2912 1430 2959 ὁπηνίκ’
1461 2911 1597 2961 ἄττα,
1631 2913 1675 2954 id
1708 2917 1770 2955 est
