1946 3298
892 195 973 241 371

209 320 407 376 Superest
449 320 630 363 alterum
670 322 874 364 mendum
920 324 1048 364 etiam
1097 325 1281 380 gravius.
1345 324 1459 366 Num
1508 329 1555 367 tu
1600 330 1724 382 putas

148 401 255 432 DUOS
304 392 460 433 amicos
508 392 562 437 εἷς
614 391 793 443 ὑποψίαν
842 392 1155 442 ἐμπεπτωκέναι
1200 395 1249 439 ὡς
1297 400 1368 442 τῆς
1413 397 1602 444 γυναικὸς
1647 397 1721 438 ὑπὸ

148 457 311 511 θατέρου
345 459 666 513 διεφθαρμένηςῖ
714 462 991 517 Perspicuum
1024 466 1085 504 est
1118 463 1298 505 alterum
1333 468 1374 506 et
1404 478 1571 507 vacasse
1600 466 1723 521 culpa

147 534 187 571 et
229 530 290 572 nil
330 531 435 573 mali
478 545 565 573 esse
608 533 880 586 suspicatum.
942 532 1055 589 Ergo
1086 533 1340 590 legendum:
1376 535 1430 581 εἷς
1463 536 1721 586 σιωπωμένην

147 599 189 641 δὲ
217 600 396 653 ὑποψίαν
423 600 488 643 διά
516 617 608 643 τινα
635 602 712 642 τῶν
741 602 1037 644 κολακευόντων
1068 609 1332 646 ΘΑΤΕΡΟΎ
1360 605 1722 655 ε’μπεπτωκότΟΟ.

144 670 265 712 Nunc
298 671 467 712 demum
503 673 644 713 omnia
675 675 786 713 reete
818 675 859 714 et
890 673 1031 714 ordine
1061 673 1302 728 procedunt.

205 809 252 851 In
283 811 306 864 ᾗ
341 808 440 852 126.
473 810 511 851 ἐν
544 809 713 862 Κρότωνι
746 810 837 858 θέας
872 811 988 859 οὔσης
1022 811 1090 853 καὶ
1125 812 1300 864 γεράνων
1334 813 1429 865 ὑπὲρ
1456 818 1524 856 τοῦ
1554 814 1717 868 θεάτρου

147 879 373 932 φερομένων
417 880 518 937 (leg.
561 880 806 935 πετομένων)
853 881 1029 929 εἰπόντος
1075 882 1177 929 τινὸς
1209 887 1285 924 τῶν
1318 886 1720 928 καταπεπλευκότων

147 951 240 1002 πρὸς
275 950 342 992 τὸν
376 951 545 999 πλησιόν
579 952 801 1001 καθήμενον
835 952 991 1006 ,,ὁρᾷς
1028 952 1146 999 τοὺς
1179 952 1512 1005 μάρτυρας;”
1547 956 1719 998 ἐπακού-

145 1036 220 1066 σας
272 1036 332 1067 τις
384 1026 460 1063 τῶν
512 1022 792 1072 Πυθαγορείων
844 1022 1006 1073 ἤγαγεν
1052 1024 1197 1070 αὐτοὺς
1246 1024 1309 1066 ἐπὶ
1359 1027 1404 1067 τὸ
1451 1030 1527 1067 τῶν
1574 1027 1720 1069 Χιλίων

138 1092 302 1142 άρχεῖον
344 1092 562 1141 ὑπολαβὼν
599 1091 761 1143 “ὨΙπερ
796 1093 1041 1146 ἐλέγχοντες
1076 1094 1167 1141 τοὺς
1202 1095 1363 1141 παῖδας
1400 1093 1554 1147 ἐξεῦρον
1581 1113 1714 1138 κατα-

139 1161 419 1203 πεποντικέναι
453 1163 566 1209 τινας
599 1163 675 1210 τοὶς
712 1163 807 1215 ὑπὲρ
840 1169 911 1212 τῆς
948 1165 1039 1210 νεὼς
1075 1164 1302 1213 πετομένας
1336 1164 1527 1217 γεράνους
1561 1184 1717 1219 μαρτυ-

138 1231 395 1283 ρΟΎμένους.
457 1232 652 1274 Primum
684 1234 919 1288 recipienda
952 1238 1013 1276 est
1045 1235 1295 1292 Kiesslingii
1321 1237 1557 1280 emendatio
1581 1239 1714 1292 Ὅπερ

138 1316 212 1357 pro
246 1298 373 1356 ᾧπερ,
402 1303 549 1344 deinde
574 1317 648 1358 pro
677 1304 1021 1356 μαρτυρουμένους
1049 1307 1333 1361 reponendum
1360 1308 1712 1360 μαρτυρομένους.

142 1372 279 1424 Quam
322 1387 442 1428 saepe
487 1373 793 1415 confundantur
834 1375 1093 1428 μαρτύρομαι
1138 1380 1178 1417 et
1217 1380 1500 1428 μαρτυροῦμαι
1537 1381 1716 1422 ostendi-

142 1457 238 1485 mus
270 1445 314 1485 in
354 1445 568 1485 Observatt.
605 1445 660 1485 ad
688 1445 851 1501 Dionys.
886 1447 1022 1487 Halia.
1056 1460 1153 1503 pag.
1189 1446 1257 1488 54.
1295 1447 1392 1489 146.

199 1582 245 1623 In
276 1583 298 1637 ξ
334 1580 430 1624 126.
466 1583 566 1629 τινὲς
589 1583 771 1627 -νεωςὶ
808 1583 902 1634 πρὸς
937 1584 1179 1636 Πυθαγόραν
1212 1585 1585 1637 παραβάλλοντες,
1628 1591 1715 1633 imo

138 1666 235 1695 vero
270 1652 617 1704 παραβαλόντες,
654 1657 701 1695 ut
733 1667 798 1695 res
829 1655 919 1708 ipsa
950 1653 1117 1696 clamat.

197 1791 244 1832 In
286 1792 308 1846 ξ
354 1790 449 1834 127.
494 1791 643 1834 lacuna
674 1805 877 1849 magnam
908 1793 1133 1836 verborum
1166 1799 1328 1849 partem
1360 1797 1565 1841 absorbsit
1597 1804 1716 1843 ante:

139 1861 347 1886 ******
392 1862 459 1902 καὶ
505 1866 644 1903 ταῦτα
678 1864 772 1914 πρὸς
805 1864 951 1904 ἐκεῖνον
984 1864 1110 1905 εἰπεῖν
1141 1865 1209 1907 καὶ
1243 1866 1298 1907 τοὶ
1331 1867 1417 1918 περὶ
1454 1870 1616 1911 Φιντίαν
1648 1872 1714 1912 καὶ

139 1931 326 1983 Δάμωνα
369 1932 461 1983 περί
501 1949 546 1973 τε
591 1931 806 1979 Πλάτωνος
851 1934 919 1974 καὶ
965 1935 1168 1986 Ἀρχύτου
1211 1936 1280 1976 καὶ
1321 1937 1375 1978 τα
1409 1939 1495 1990 περὶ
1531 1942 1718 1983 Κλεινίαν

137 2003 205 2044 καὶ
251 2007 416 2053 Πρῶρον.
482 2004 585 2055 Quis
617 2007 758 2046 autem
791 2004 892 2046 haec
925 2005 1033 2046 dixit
1067 2009 1108 2046 et
1141 2006 1191 2047 ad
1225 2006 1378 2061 quem?
1425 2009 1588 2064 Nempe
1619 2010 1717 2054 Dio-

135 2075 282 2130 nysius
329 2072 522 2116 Corinthi
568 2074 620 2115 ad
666 2075 987 2124 Aristoxenum,
1039 2079 1087 2116 ut
1135 2081 1306 2131 apparet
1347 2092 1397 2120 ex
1440 2079 1461 2133 §
1504 2078 1604 2121 234.
1642 2083 1716 2124 ubi

136 2145 409 2186 Aristoxenus
448 2145 618 2185 scribit:
655 2143 859 2190 Διονύσιος
895 2145 1070 2186 ἐκπεσὼν
1104 2151 1175 2193 τῆς
1209 2148 1433 2198 τυραννίδος
1466 2149 1713 2200 (ἐφικόμενος

137 2215 192 2260 εἷς
227 2214 400 2265 Κόρινθον
433 2220 727 2255 ΠΟΛΛΑΚΙΟ
759 2215 852 2262 ἡμῖν
886 2215 1064 2265 διηγεῖτο
1098 2217 1152 2257 τά
1186 2217 1272 2265 περὶ
1306 2222 1381 2258 τῶν
1409 2219 1519 2260 κατα
1552 2223 1716 2264 Φιντίαν

139 2284 204 2326 καὶ
240 2285 438 2335 Δάμωνα.
483 2285 757 2326 Aristoxenus
785 2285 858 2326 diu
888 2293 928 2326 et
956 2285 1143 2327 multum
1171 2301 1268 2328 oum
1294 2287 1496 2344 Dionysio
1525 2289 1717 2334 Corinthi

138 2355 428 2397 confabulatus
461 2380 516 2385 —-
548 2368 647 2395 nam
676 2365 806 2396 SAEPE
834 2355 935 2397 haec
962 2356 1043 2397 sibi
1068 2356 1323 2412 Dionysium
1348 2372 1514 2402 narrare
1541 2361 1716 2404 solitum

137 2426 307 2473 scribit,
351 2429 392 2467 et
435 2425 517 2467 alia
558 2439 608 2466 ex
651 2438 697 2466 eo
741 2425 906 2466 audivit
945 2429 986 2467 et
1019 2426 1074 2467 τα
1108 2428 1195 2477 περὶ
1232 2428 1394 2469 Φιντίαν
1428 2430 1495 2470 καὶ
1531 2430 1715 2480 Δάμωνα

139 2498 180 2536 et
227 2495 282 2535 τά
331 2495 418 2545 περὶ
467 2494 685 2540 Πλάτωνος
740 2494 808 2535 καὶ
852 2495 1058 2547 Ἀρχύτου
1103 2501 1144 2538 et
1185 2498 1238 2538 τα
1284 2498 1371 2548 περὶ
1415 2501 1603 2542 Κλεινίαν
1645 2503 1714 2544 καὶ

138 2570 303 2617 Πρῶρον.
352 2565 453 2617 Quis
486 2565 638 2606 melius
671 2578 798 2619 quam
831 2564 1062 2621 Dionysius
1094 2568 1182 2621 ipse
1216 2569 1319 2609 seire
1351 2575 1513 2623 poterat
1544 2572 1599 2613 τοὶ
1626 2574 1713 2625 περὶ

138 2634 356 2682 Πλάτωνος
388 2635 456 2676 καὶ
490 2633 724 2687 Ἀρχύτουῖ

197 2705 317 2748 Novo
356 2708 603 2761 argumento
644 2705 751 2746 hanc
795 2706 1074 2759 suspicionem
1109 2706 1370 2750 stabiliemus
1401 2710 1508 2753 infra
1538 2726 1588 2753 ex
1620 2712 1720 2755 Plu-

141 2775 274 2816 tarchi
304 2777 394 2818 vita
428 2775 677 2816 Timoleontis
710 2789 796 2830 cap.
830 2775 919 2816 XV.

204 2911 250 2955 In
292 2913 315 2969 ᾖ
360 2913 458 2957 128.
502 2912 782 2967 Καρχηδονίων
829 2930 874 2955 τε
918 2914 1079 2962 πλείους
1120 2916 1140 2959 ἰν)
1180 2918 1539 2970 πεντακισχιλίους
1572 2918 1718 2973 ἄνδρας
