1946 3298
929 159 1016 205 570

241 286 404 343 Agesil.
452 286 492 328 2.
538 286 575 328 1.
621 288 659 328 ἐν
698 287 738 329 δὲ
770 293 864 335 ταῖς
898 288 1076 339 άγέλαις
1109 291 1185 329 τῶν
1219 284 1559 339 συΕτρεφομένων
1591 283 1755 327 παίδων.

185 357 483 400 Revocandum
526 358 636 412 quod
680 360 837 413 optime
879 359 1076 401 Muretus
1118 360 1352 400 correxerat
1395 355 1755 408 συΝτρεφομένων.

182 428 303 480 Quod
338 428 536 470 obmovet
568 427 753 470 Sintenis
789 444 809 471 e
843 431 932 471 vita
964 429 1146 484 Lycuryi
1179 426 1247 470 17.
1283 427 1323 468 2.
1357 427 1426 475 ἤδη
1463 428 1502 468 δὲ
1535 434 1616 474 τοῖς
1646 436 1758 475 τηλι-

181 500 333 545 κούτοις
379 499 518 549 ε’ραςαὶ
553 525 610 529 —
643 500 983 552 συνανεςρέφοντο
1027 499 1137 540 nihil
1178 499 1260 540 huc
1304 500 1507 553 pertinet,
1545 502 1593 539 ut
1625 498 1755 540 vides.

183 572 233 613 cf.
279 585 364 626 cap.
414 570 451 611 3.
490 569 562 613 19.
594 571 735 612 πολλοὶ
772 571 811 612 δὲ
848 596 900 601 —
936 572 1001 612 διά
1035 570 1079 610 τὸ
1112 569 1412 621 συντετράφθαι
1449 594 1502 599 —
1537 568 1756 620 συνέπρατ-

182 658 248 684 τον
283 642 392 693 αὐτῷ
426 640 650 697 (Ayesilao)
684 641 918 695 προθύμως,
947 641 1021 683 ubi
1054 640 1367 692 συντεΘράφθαι
1402 639 1680 681 scribendum.

243 781 404 839 Agesil.
450 780 490 822 2.
537 781 608 823 21.
647 781 713 822 τὸν
746 781 1000 834 Ἀρχίδαμον
1034 780 1263 833 ἐζημίωσαν
1296 781 1328 822 οἱ
1357 780 1523 832 ’Έφοροι
1557 780 1759 830 γήμαντα

183 859 364 904 γυναῖκα
397 852 564 903 μικράν·
599 854 640 894 οὐ
675 853 757 904 γαρ
791 853 1003 903 βασιλεῖς,
1039 852 1226 904 ἔφασαν,
1272 850 1444 902 άμμιν
1487 850 1604 893 άλλα
1635 850 1760 900 βασι-

182 925 314 966 λείδια
347 922 550 975 γεννάσει.
613 922 891 965 Scribendum
925 923 1025 973 άμῖν
1059 927 1100 965 et
1133 929 1335 974 γεννασεῖ.

241 1063 400 1120 Agesil.
452 1063 492 1104 3.
543 1064 581 1104 I.
631 1063 893 1118 (Alcibiades)
941 1063 1080 1116 χρόνον
1129 1064 1236 1105 οὔπω
1284 1063 1410 1105 πολὺν
1458 1064 1496 1104 ἐν
1544 1069 1594 1114 τῇ
1641 1061 1756 1103 πόλει

182 1134 383 1176 διΑΓΩΝ
429 1133 566 1175 αἰτίαν
610 1132 709 1185 ἔσχε
741 1140 791 1186 τῇ
824 1134 987 1183 γυναικὶ
1023 1137 1091 1175 τοῦ
1126 1134 1330 1185 βασιλέως
1373 1134 1536 1187 Τιμαίᾳ
1570 1138 1757 1174 συνεῖναι.

180 1205 392 1260 Frequens
425 1204 626 1247 mendum
658 1218 732 1260 pro
765 1204 992 1255 διαγαγὼν.

241 1343 400 1401 Agesil.
434 1343 473 1385 3.
513 1344 582 1386 11.
618 1344 684 1386 διὰ
717 1349 855 1387 ταῦτα
888 1349 959 1392 τῆς
995 1345 1302 1394 Λακεδαίμονος
1337 1344 1607 1395 Ἀλκιβιάδης
1642 1343 1760 1393 ὑπεξ-

181 1416 274 1464 ῆλθε
309 1415 503 1467 φοβηθεὶς
537 1416 604 1457 τὸν
630 1413 773 1466 ῗΑγιν.
843 1416 974 1472 Fugit
1017 1416 1297 1458 Plutarchum
1330 1417 1450 1458 ratio.
1521 1415 1760 1457 Alcibiades

181 1501 263 1529 non
300 1485 521 1535 ὑπεξῆλθεν
553 1487 656 1528 elam
689 1488 784 1529 urbe
815 1502 993 1542 eqo-essue
1023 1495 1098 1536 est,
1129 1476 1200 1528 sed
1231 1486 1449 1542 propalam
1484 1501 1507 1529 a
1545 1486 1761 1542 Spartanis

180 1559 225 1599 in
259 1558 406 1599 Asiam
439 1559 595 1599 missus
627 1571 733 1599 anno
768 1557 853 1599 412
883 1557 1074 1613 Thucyd.
1104 1557 1213 1599 VIII.
1245 1557 1314 1600 12.
1362 1557 1540 1599 Venerat
1565 1557 1759 1613 Spartam

181 1642 288 1671 anno
330 1627 415 1669 415
459 1632 501 1669 et
538 1642 620 1670 non
664 1630 725 1670 ita
767 1628 839 1669 diu
880 1628 942 1670 ibi
983 1632 1171 1670 moratus
1214 1642 1237 1670 a
1269 1627 1443 1670 Timaea
1475 1632 1640 1669 amatus
1673 1641 1759 1669 esse

180 1702 395 1748 narratur,
432 1712 537 1753 quae
571 1701 606 1740 si
639 1713 744 1741 anno
781 1698 866 1740 414
900 1713 950 1740 ex
983 1713 1029 1741 eo
1062 1699 1223 1754 peperit
1255 1713 1327 1754 per
1359 1699 1578 1740 biennium
1616 1702 1760 1754 postea

180 1769 354 1825 Spartae
401 1770 482 1811 fuit
522 1770 689 1812 odiosus
722 1771 876 1826 Agidi,
913 1784 1037 1825 quem
1070 1774 1212 1811 contra
1246 1770 1411 1824 oderat,
1444 1784 1527 1812 non
1560 1770 1610 1812 ob
1644 1769 1761 1811 adul-

181 1842 337 1882 terium
373 1842 539 1891 uxoris,
576 1841 647 1883 sed
679 1845 850 1898 propter
880 1855 1021 1883 rerum
1054 1844 1273 1897 gestarum
1306 1840 1499 1897 gloriam.

239 1978 400 2036 Agesil.
450 1978 488 2021 3.
531 1978 568 2020 3.
604 1978 834 2021 Alcibiades
867 1980 1004 2021 αἰτίαν
1037 1978 1139 2031 ἔσχε
1171 1985 1220 2032 τῇ
1256 1979 1416 2029 γυναικὶ
1452 1982 1520 2020 τοῦ
1554 1977 1759 2029 βασιλέως

180 2051 345 2105 Τιμαίᾳ
389 2056 562 2093 συνεῖναι
606 2051 674 2091 καὶ
720 2050 764 2092 τὸ
809 2051 995 2101 γεννηθὲν
1028 2050 1072 2099 ἐξ
1101 2051 1227 2097 αὐτῆς
1260 2049 1469 2101 παιδάριον
1506 2049 1566 2105 (L.
1603 2048 1760 2090 παιδίον

179 2119 311 2176 ἄρρεν)
347 2123 414 2163 οὐκ
449 2120 528 2174 ἔφη
563 2123 806 2172 γιγνώσκειν
839 2120 1006 2171 ὁῗΛγις
1038 2121 1136 2162 ἀλλ’
1162 2120 1207 2166 ἐξ
1234 2120 1503 2170 Ἀλκιβιάδου
1531 2120 1760 2171 γεγονέναι.

179 2195 295 2234 τοῦτο
346 2191 385 2234 δὲ
435 2192 476 2234 οὐ
525 2192 631 2234 πάνυ
675 2191 876 2238 δυσκόλως
922 2192 993 2239 την
1036 2191 1223 2241 Τίμαιαν
1268 2192 1445 2242 ἐνεγκεῖν
1482 2191 1584 2244 φησὶ
1622 2195 1758 2242 Δοῦρις

180 2264 295 2306 άλλα
340 2263 408 2306 καὶ
453 2263 735 2316 ψιθυρίζουσαν
782 2262 876 2304 οἴκοι
910 2263 1004 2314 πρὸς
1039 2262 1116 2309 τοὶς
1150 2263 1378 2309 Εἷλωτίδας
1412 2261 1682 2313 Ἀλκιβιάδην
1715 2263 1759 2304 τὸ

180 2335 336 2377 παιδίον
381 2336 422 2376 οὐ
464 2334 732 2387 Λεωτυχίδην
770 2339 933 2375 καλεῖν·
980 2333 1048 2374 καὶ
1092 2332 1228 2383 μέντοι
1270 2333 1338 2375 καὶ
1383 2333 1449 2374 τὸν
1490 2333 1760 2380 Ἀλκιβιάδην

183 2406 305 2451 αὐτὸν
350 2407 391 2447 οὐ
437 2405 530 2457 πρὸς
575 2403 690 2457 ὕβριν
728 2411 778 2457 τῇ
811 2404 977 2458 Τιμαίᾳ
1009 2403 1141 2457 φάναι
1177 2403 1418 2457 πλησιάζειν
1451 2403 1568 2445 άλλοὶ
1601 2406 1760 2456 φιλοτι-

182 2476 379 2528 μούμενον
409 2475 704 2526 βασιλεύεσθαι
740 2475 1013 2527 Σπαρτιάτας
1049 2475 1124 2516 ὑπὸ
1158 2479 1234 2516 τῶν
1268 2474 1311 2524 ἐξ
1344 2476 1487 2517 ἑαυτοῦ
1521 2472 1760 2525 γεγονότων.

243 2546 457 2601 Quidquid
503 2547 552 2588 de
589 2546 820 2588 Alcibiadis
853 2550 894 2588 et
928 2545 1125 2588 Timaeae
1158 2547 1373 2588 amoribus
1405 2550 1598 2587 narratur
1631 2545 1763 2600 deque

123 2627 126 2632 ’
181 2618 378 2660 Timaeae
421 2617 685 2671 impudentia
728 2620 768 2658 et
800 2618 1075 2671 protervitate
1108 2617 1339 2659 Alcibiadis
1372 2617 1415 2658 id
1449 2630 1572 2659 omne
1604 2615 1764 2658 fabulo-

181 2702 277 2731 sum
321 2691 361 2729 et
407 2688 751 2728 commenticium
795 2701 881 2729 esse
909 2687 1124 2742 complura
1157 2688 1332 2729 suadent
1363 2691 1412 2729 ut
1444 2687 1624 2729 credam.
1672 2686 1764 2728 Pri-

181 2772 303 2800 mum
335 2771 459 2799 nemo
491 2756 694 2798 Veterum
728 2761 893 2812 praeter
925 2773 1059 2799 unum
1092 2758 1371 2801 Plutarchum
1405 2759 1454 2800 de
1488 2772 1535 2800 ea
1567 2771 1610 2799 re
1645 2758 1765 2812 quid-

183 2842 310 2883 quam
340 2827 564 2870 inaudivit.
609 2827 865 2869 Plutarchus
893 2830 1029 2871 tribus
1058 2829 1161 2871 locis
1186 2830 1299 2872 idem
1326 2830 1553 2871 memoriae
1578 2828 1765 2883 prodidit

184 2902 325 2943 nostro
359 2897 450 2941 Ioco
478 2900 520 2940 et
547 2898 591 2939 in
618 2896 829 2940 Alcibiade
857 2897 929 2940 23.
960 2899 1028 2942 39.
1079 2899 1308 2944 Alcibiades
1334 2900 1521 2951 Τίμαιαν
1548 2900 1619 2948 την
1643 2900 1767 2951 ’Ἀγι-
