1946 3298
979 143 1065 187 282

290 267 395 324 Pag.
443 267 543 310 154.
590 267 630 309 4.
671 269 719 315 ὡς
754 267 841 321 περὶ
877 267 1027 309 νύσσαν
1059 267 1151 310 τινα
1187 267 1313 323 [περὶ]
1347 267 1414 309 τὸν
1445 267 1584 319 βωμὸν
1614 267 1808 322 ἐνεχθείς.

230 337 471 380 Resecanda
507 342 569 381 est
611 339 791 381 secunda
828 340 1092 394 praepositio.
1159 338 1270 380 Noto
1309 352 1390 380 usu
1429 340 1488 381 sic
1519 352 1589 381 ara
1619 344 1812 395 tamquam

231 413 331 451 meta
373 410 558 461 quaedam
592 423 678 452 esse
711 410 866 451 dicitur
896 411 1005 452 circa
1036 423 1162 464 quam
1197 423 1367 451 cursum
1400 408 1574 452 flexerit.
1639 408 1813 465 Saepius

233 480 493 522 ostendimus
535 482 578 522 in
611 481 687 523 hac
719 480 929 522 locutione
961 480 1135 523 alteram
1169 481 1520 536 praepositionem
1553 480 1603 522 ab
1635 480 1814 522 indoctis

232 552 383 594 vitiose
417 565 502 593 esse
536 551 738 594 additam.

294 691 496 733 Libanius
538 690 607 732 IV.
651 705 745 747 pag.
796 690 892 733 154.
938 690 1007 732 25.
1051 693 1237 732 τοσοῦτον
1271 689 1465 742 οὶρπασας
1498 689 1632 743 ᾤχετό
1663 705 1716 740 με
1748 690 1813 731 τὸν

237 762 409 804 δείλαιον
441 763 474 816 (o‘
504 760 657 812 ἵππος),
675 760 750 806 elice
780 762 908 803 νύκτα
935 778 988 811 με
1017 761 1234 812 ἐπιλαβεῖν
1261 761 1327 802 καὶ
1359 761 1568 802 σκότΟΥΟ
1597 761 1813 803 ἈΩΡίαν.

238 829 352 874 Corr.
396 832 462 873 καὶ
507 832 813 874 σκοτοΔΙΝίαν.
877 832 1079 874 Libanius
1106 832 1232 874 verbo
1265 832 1526 881 σκοτοδινιαῖν,
1565 831 1676 887 quod
1706 831 1816 886 apud

238 902 560 958 Aristophanem
591 902 776 960 legerat,
809 903 997 945 multum
1030 903 1327 945 delectabatur.
1391 902 1511 945 Tom.
1541 902 1574 944 I.
1612 901 1709 944 122.
1746 900 1816 944 15.

239 973 506 1023 πλασάμενος
542 974 799 1016 σκοτοδινίαν.
834 974 918 1031 leg.
952 999 1005 1005 —
1027 976 1103 1015 ιαν.
1129 973 1200 1016 IV.
1231 974 1328 1016 142.
1358 975 1550 1024 Ξλιγγιῶ,
1581 973 1817 1015 σκοτοδινιῶ.

237 1044 308 1088 IV.
354 1043 454 1086 849.
502 1044 540 1086 4.
587 1044 636 1086 ἂν
674 1042 908 1095 οὖν-ἐγὼ
944 1045 1284 1095 ἐκπεπληγμένος
1319 1045 1444 1094 ἑςηκω
1480 1044 1546 1086 καὶ
1581 1043 1818 1085 σκοτοδινιῶ.

240 1117 295 1158 II.
333 1115 401 1158 69.
438 1115 508 1157 20.
543 1116 667 1168 φίλου
702 1116 741 1158 δὲ
776 1114 978 1165 ἀξιοῦντος
1009 1116 1198 1158 εὐπαθεῖν
1227 1115 1326 1172 (leg.
1356 1113 1399 1158 εὖ
1427 1114 1585 1171 παθεῖν)
1614 1115 1695 1157 ἀπὸ
1721 1130 1820 1167 χρη-

241 1187 383 1239 μάτων
417 1187 653 1242 σκοτοδινιᾷ.

300 1328 404 1385 Pag.
451 1326 550 1369 155.
598 1326 666 1369 18.
707 1326 868 1374 ἐλπίδες
902 1323 1028 1368 αὗται
1059 1325 1220 1368 ΚΑΛαὶ
1256 1326 1324 1368 καὶ
1358 1326 1640 1380 ψυχαγωγίαι
1673 1325 1818 1378 λόγων.

237 1398 428 1442 Moestus
461 1398 623 1440 dixerat
655 1397 816 1445 ἐλπίδες
852 1395 976 1440 αὗται
1009 1397 1180 1439 ΚΕΝαί.

298 1538 502 1581 Libanius
533 1537 604 1580 IV.
643 1538 742 1580 158.
781 1538 820 1579 4.
855 1535 881 1579 εἶ·
913 1537 1096 1580 θειότατε
1125 1542 1293 1586 ποιητῶν
1317 1536 1499 1590 “Ὀμηρε,
1529 1536 1668 1579 πάντα
1697 1542 1820 1579 ΜΕΝ

242 1626 299 1653 σοι
334 1610 404 1651 σὺν
440 1609 610 1663 ἀληθεία
644 1610 888 1660 πεποίηται,
923 1609 967 1650 τὸ
1001 1615 1124 1652 ΓΑΡ·

481 1682 588 1733 λιμῷ
622 1681 655 1723 δ’
688 1680 858 1725 οἴκτιςον
892 1679 1040 1722 θανέειν
1075 1681 1142 1722 καὶ
1177 1679 1331 1731 πότμον
1366 1680 1567 1722 ἐπισπεῖν.

241 1751 334 1801 ἕλην
379 1752 466 1804 ἔχει
510 1757 582 1800 τῆς
628 1753 823 1800 ἀληθείας
867 1751 937 1799 την
972 1751 1163 1794 ε’πίνοιαν.
1201 1752 1273 1793 καί
1303 1767 1369 1802 μοι
1405 1750 1528 1796 δοκεῖς
1559 1752 1648 1793 ἀντ’
1681 1750 1825 1792 Ὀδυσ-

241 1823 338 1870 σέως
382 1824 594 1873 λιμώττων
637 1822 757 1865 ταυτὶ
804 1822 1079 1871 πεποιηκέναι.
1147 1822 1412 1872 ΕΎδαιμόνως
1445 1822 1528 1875 γαρ
1563 1821 1714 1873 εἴρηται
1756 1820 1824 1863 καὶ

242 1895 313 1937 σὺν
355 1893 542 1948 ἀληθεία.
608 1894 805 1936 Primum
840 1895 1025 1950 corrige:
1060 1894 1104 1934 τὸ
1139 1899 1213 1935 ΔΕ
1245 1894 1349 1945 λιμῷ
1385 1893 1418 1934 δ’
1451 1894 1621 1938 οἴκτιςον
1654 1893 1824 1942 θανέειν,

241 1970 335 2008 tum
380 1979 454 2020 pro
500 1965 677 2007 absurdo
722 1964 964 2015 εὐδαιμόνως
1007 1978 1156 2019 repone
1202 1964 1425 2014 δαιμονίως.
1491 1963 1732 2006 Sexcenties
1768 1965 1827 2005 sic

241 2037 450 2086 δαιμονίως
484 2035 644 2092 legitur
674 2037 719 2077 in
753 2037 937 2091 antiquis
970 2034 1151 2077 Scholiis
1187 2035 1239 2077 ad
1272 2035 1451 2077 Iliadem
1485 2039 1526 2077 et
1565 2033 1824 2090 Odysseam,

241 2109 277 2150 si
318 2107 419 2162 quid
462 2105 629 2149 Criticis
671 2106 880 2162 praeclare
924 2106 1086 2148 dictum
1121 2121 1207 2149 esse
1238 2106 1408 2149 videtur
1486 2106 1652 2148 Addam
1681 2105 1824 2147 locum

242 2177 394 2221 Galeni
426 2177 531 2220 'Pom
567 2177 664 2219 XV.
700 2192 797 2235 pag.
832 2176 931 2220 171.
970 2177 1019 2218 de
1051 2176 1319 2233 Hippocratis
1346 2176 1654 2219 laudatoribus:
1683 2176 1821 2218 πάντα

244 2249 497 2295 ἐπαινοῦντες
541 2248 603 2290 ἀεὶ
637 2248 871 2299 θαυμασίως
906 2248 1081 2300 εἰρῆσθαι
1116 2248 1208 2290 τόδε
1243 2264 1280 2290 τι
1315 2248 1475 2299 τάνδρὶ,
1511 2248 1578 2289 καὶ
1613 2248 1822 2298 δαιμονίως

244 2320 333 2362 τόδε
369 2335 431 2369 τι,
467 2319 534 2360 καὶ
569 2319 674 2366 θείως
708 2320 799 2362 τόδε
831 2335 883 2361 τι.
917 2333 1016 2360 nam
1049 2320 1107 2360 sic
1139 2318 1255 2361 locus
1286 2319 1644 2375 interpungendus
1676 2322 1750 2361 est.

305 2460 412 2514 Pag.
452 2457 550 2501 167.
587 2457 658 2501 25.
693 2457 836 2512 βραχὺ
873 2458 912 2501 δέ
946 2475 984 2500 τι
1019 2457 1250 2510 δΕέοέμενος
1289 2457 1433 2509 ὕπνου,
1466 2473 1547 2501 11011
1581 2460 1639 2501 sic
1677 2457 1825 2502 Graeci

241 2530 490 2585 loquuntur3
527 2529 721 2572 dicebant
754 2529 1039 2581 ΔΡΑξαμενος
1073 2528 1206 2572 ὕπνου.

303 2670 408 2727 Pag.
441 2667 537 2711 168.
577 2668 614 2710 2.
658 2668 756 2711 δότω
784 2685 845 2716 τις
874 2669 1006 2722 ξίφος.
1037 2669 1213 2721 ἐμαυτὸν
1244 2669 1488 2713 ἀποκτείνω·
1518 2672 1679 2721 μᾶλλον
1708 2668 1747 2711 δὲ
1768 2695 1823 2703 -ο

243 2740 466 2796 φάρμακον
499 2739 666 2789 αἰτήσω.
730 2738 961 2795 Scripserat
993 2741 1213 2783 ἀποκτενῶ.

306 2880 412 2936 Pag.
451 2879 550 2923 173.
583 2879 625 2922 9.
661 2878 692 2922 οἱ
728 2878 801 2931 μὲν
837 2882 905 2922 τοῦ
940 2878 1088 2933 δρᾶσαί
1118 2895 1156 2922 τι
1190 2885 1452 2930 ΓΙΓΝονται,
1491 2885 1570 2927 τοῖς
1605 2877 1645 2922 δὲ
1672 2883 1740 2922 τοῦ
1767 2879 1824 2931 μὴ
