1946 3298
1020 166 1076 210 74

323 290 502 349 Legitur
542 292 696 335 vitiosa
737 292 871 334 forma
914 291 1025 346 apud
1065 291 1245 334 Dionem
1291 305 1388 349 pag.
1436 291 1534 335 238.
1587 293 1836 344 καθελοῦμεν

265 365 306 404 et
337 376 436 420 pag.
473 361 572 404 594.
607 363 762 417 άνελεῖ,
796 366 837 404 et
869 361 988 405 Tom.
1020 360 1072 404 ΙΙ.
1101 375 1197 418 pag.
1228 360 1328 403 380.
1357 363 1377 411 ἢ
1406 362 1558 415 σφάξει
1587 365 1731 406 θᾶττον
1758 367 1834 405 τῶν

265 433 471 486 μαγείρων
504 432 524 482 ἢ
559 433 736 475 διελεῖ.
803 431 865 474 Of.
908 432 1000 474 ἴων.
1034 433 1158 474 Lecti.
1190 446 1287 488 pag.
1323 431 1392 474 35.

325 593 432 650 Pag.
467 591 566 634 580.
600 592 693 647 (τῶν
726 590 938 647 τυράννων)
972 591 1049 638 τοὶς
1082 589 1238 637 εἰκόνας
1269 592 1427 633 ἀνεῖλον
1459 590 1527 632 καὶ
1561 591 1618 633 τοὶ
1655 591 1840 642 ὄνόμαιτοι

269 663 498 718 ἠφάνισαν,
532 660 625 714 ὅπερ
654 659 765 712 οἶμαι
799 661 867 704 καὶ
903 663 970 714 ἐφ’
1003 666 1136 712 Ὕμῶν
1169 661 1448 712 συμβέβηκεν.
1511 661 1640 704 Recte
1670 662 1842 704 haberet

270 735 398 784 ὑμῶν,
443 735 477 776 si
518 733 567 775 de
606 733 869 775 Rhodiorum
910 736 1088 788 tyranno
1129 732 1231 775 haec
1281 733 1537 783 dicerentur;
1585 747 1696 774 nunc
1743 734 1843 788 quia

270 804 319 846 de
361 804 587 845 Domitiano
623 804 725 846 haec
757 803 839 845 dici
870 802 1011 858 palam
1044 806 1106 844 est
1138 803 1203 855 ἐφ’
1236 804 1371 853 Ὴμῶν
1403 807 1537 844 nostra
1567 803 1749 845 memoria
1781 806 1843 846 est

269 877 391 917 unice
422 888 584 918 verum.

332 1034 407 1077 Est
449 1031 752 1077 Graeculorum
794 1032 979 1081 συνήθειαι
1020 1033 1064 1074 in
1095 1032 1229 1074 forma
1260 1035 1301 1074 et
1333 1031 1637 1089 significatione
1670 1034 1740 1073 τοῦ
1769 1047 1844 1074 τα-

271 1107 352 1159 χύς
396 1104 596 1147 nonnulla
636 1117 802 1146 novare.
865 1102 1034 1145 Veteres
1077 1106 1311 1145 constanter
1357 1103 1551 1145 dicebant
1598 1101 1754 1144 θάττων
1804 1105 1845 1144 et

272 1175 471 1227 τάχιςος,
514 1176 761 1217 recentiores
802 1174 869 1216 his
911 1173 1070 1216 addunt
1105 1173 1352 1226 ταχύτερος,
1386 1174 1543 1224 ταχίων
1576 1176 1617 1216 et
1649 1172 1845 1225 ταχύτα-

272 1261 352 1292 τος.
414 1245 635 1287 Praeterea
677 1244 886 1286 adverbiis
928 1245 1072 1286 θοῖττον
1107 1248 1148 1286 et
1179 1243 1325 1296 τάχιον
1356 1248 1535 1286 utuntur
1567 1258 1614 1286 eo
1647 1257 1769 1286 sensu
1799 1246 1849 1285 ut

274 1319 329 1358 sit
377 1319 521 1367 προτοῦ
579 1316 822 1363 antehae,
873 1317 1014 1357 omnia
1060 1316 1211 1357 vitiose
1258 1319 1300 1357 et
1346 1318 1489 1357 contra
1533 1314 1729 1357 vocabuli
1774 1328 1848 1356 na-

272 1391 412 1429 turam
456 1390 497 1428 et
539 1390 701 1441 praeter
744 1387 1013 1440 antiquorum
1063 1385 1421 1427 consuetudinem.
1497 1385 1565 1427 Sic
1611 1384 1692 1426 Dio
1740 1384 1848 1426 dixit

271 1472 368 1514 pag.
414 1456 513 1498 581.
557 1456 648 1502 τοὺς
691 1456 882 1498 θοῖττον
926 1455 1165 1506 εὐεργέταις,
1209 1460 1250 1498 et
1283 1470 1377 1512 pag.
1413 1455 1513 1498 582.
1546 1458 1744 1507 ὀλιγωρῶν
1779 1457 1849 1496 τοῦ

273 1530 469 1570 θάττον
517 1526 664 1579 φίλου,
714 1531 754 1568 et
802 1540 898 1583 pag.
951 1525 1049 1567 581.
1094 1527 1220 1579 μικροὶ
1261 1525 1483 1579 φροντίζειν
1530 1531 1605 1568 τῶν
1649 1525 1850 1579 τάχιον

272 1597 560 1649 τετιμημένων.
608 1596 734 1638 Vides
767 1594 852 1639 esse
883 1596 997 1639 idem
1034 1600 1157 1652 atque
1189 1597 1280 1644 τοὺς
1314 1597 1568 1649 πρότερον
1601 1597 1847 1651 εὐεργέταις,

272 1673 341 1712 τοῦ
390 1668 638 1721 πρότερον
685 1669 832 1720 φίλου,
884 1672 959 1710 τῶν
1003 1671 1192 1720 προτοῦ
1237 1668 1528 1719 τετιμημένων.
1592 1667 1735 1710 Multa
1778 1667 1845 1709 his

273 1739 431 1784 similia
469 1739 579 1795 apud
610 1740 818 1794 sequiores
850 1752 993 1780 omnes
1023 1740 1215 1794 reperias.
1279 1738 1409 1781 Plane
1443 1742 1603 1784 κυνικῶς
1636 1739 1846 1795 Diogenes

274 1811 545 1867 reprehensus
588 1809 639 1851 ob
682 1809 726 1851 id
763 1810 872 1864 quod
905 1808 1008 1851 olim
1040 1810 1204 1852 fecisset
1235 1810 1471 1865 respondit:
1506 1809 1573 1851 καὶ
1608 1810 1690 1861 γὰρ
1724 1809 1847 1851 ἐνεού-

272 1898 356 1936 ρουν
400 1883 619 1934 θᾶττον,
664 1880 779 1921 άλλοὶ
821 1883 886 1921 νῦν
929 1879 996 1930 οὔ,
1043 1880 1154 1935 apud
1195 1880 1319 1937 Diog.
1364 1880 1502 1922 Laert.
1548 1879 1618 1923 VI.
1668 1879 1738 1922 56.
1774 1880 1849 1921 ubi

272 1951 565 2009 percommode
604 1949 830 2006 Menagius
867 1950 1010 1992 locum
1043 1964 1092 1992 ex
1123 1950 1282 1992 Laertii
1313 1952 1524 2006 prooemio
1557 1951 1580 2006 ξ
1616 1950 1682 1993 12.
1719 1963 1849 2006 appo·

277 2025 339 2066 nit
369 2023 502 2065 hunc:
537 2021 767 2074 φιλοσοφία
800 2022 993 2063 θάττον
1027 2020 1215 2063 ἐκαλεῖτο
1249 2021 1393 2075 σοφίαι.

336 2184 439 2240 Pag.
476 2181 574 2224 584.
607 2179 807 2227 πολλάκις
843 2179 882 2222 δὲ
916 2180 1015 2223 αὐτὸ
1048 2182 1163 2223 τοῦτο
1196 2187 1360 2232 σημεῖον
1389 2180 1566 2235 ὑπάρχει
1593 2183 1663 2223 τοῦ
1692 2180 1848 2235 σφόδρα

277 2256 453 2305 ἐπείγειν
510 2254 581 2300 τὴν
637 2252 850 2303 θεραπείαν
897 2252 942 2293 τὸ
991 2251 1148 2305 σφόδρα
1196 2254 1344 2303 άλγεῖν
1392 2259 1470 2295 ΤΟ
1521 2252 1846 2305 θεραπευόμενον.

277 2325 443 2381 Duplex
486 2326 691 2378 scriptura
732 2326 794 2365 est
835 2322 880 2364 τό
912 2326 953 2365 et
984 2321 1065 2364 τόν.
1128 2322 1223 2365 Non
1255 2327 1316 2365 est
1349 2324 1550 2380 ambigua
1581 2324 1710 2378 optio.
1773 2322 1850 2365 La-

278 2399 364 2438 tine
413 2408 537 2451 aegra
577 2408 671 2449 pars
712 2394 892 2448 corporis
933 2394 1063 2434 dolere
1107 2393 1284 2435 dicitur:
1329 2394 1460 2434 dolent
1502 2394 1667 2443 dentes,
1713 2392 1847 2442 oculi,

279 2469 404 2522 caput
451 2465 569 2506 dolet.
635 2463 805 2506 Graecis
852 2467 1046 2505 naturam
1090 2465 1358 2518 sequentibus
1405 2463 1542 2506 multo
1588 2463 1741 2506 melius
1782 2462 1851 2519 qui

279 2540 452 2590 aeqrotat
484 2538 632 2585 άλγεῖν
660 2535 836 2575 dicitur:
866 2534 984 2584 άλγῶ
1012 2534 1082 2581 τὴν
1109 2535 1322 2589 κεφαλήν,
1350 2534 1441 2582 τοὺς
1470 2533 1649 2582 ὀδόντας.
1703 2534 1849 2589 Itaque

280 2608 296 2649 ὅ
329 2604 638 2659 θεραπευόμενος
673 2607 826 2654 ἀλγεῖ,
856 2617 937 2646 non
969 2604 1013 2645 τὸ
1046 2604 1369 2657 θεραπευόμενον.

340 2758 444 2814 Pag.
472 2752 570 2796 585.
596 2753 666 2801 τὴν
692 2752 732 2795 δὲ
755 2750 894 2803 πόλιν,
922 2752 954 2794 εἷ
981 2751 1089 2797 &dest
1107 2759 1444 2806 -ποινουργεῖν,
1474 2754 1542 2795 οὐκ
1572 2752 1848 2806 αἱσχύνΕο-θε;

279 2830 409 2872 Recte
453 2826 607 2867 dicitur
647 2824 679 2864 εἰ
716 2824 824 2865 δοκεῖ
846 2847 898 2854 ——
925 2825 994 2865 οὐκ
1026 2825 1294 2876 αἰσχύνεσθε;
1331 2823 1413 2866 Sed
1444 2824 1519 2866 ubi
1551 2822 1652 2874 δόξει
1685 2837 1849 2880 praece-

283 2901 346 2945 dit
376 2909 538 2940 necesse
570 2898 618 2936 ut
649 2895 719 2936 οὐκ
752 2894 1026 2945 αἱσχυνΕΙσθε
1059 2899 1268 2950 sequatur.
