1946 3298
863 174 948 217 225

122 314 222 342 nam
262 300 467 342 sententia
508 302 591 341 est:
634 299 677 341 τί
706 298 852 353 ὄφελος
881 302 1000 349 σῶμα
1032 300 1107 350 μὲν
1138 301 1263 343 καλὸν
1294 301 1429 355 ἔχειν,
1464 304 1614 358 φρένας
1647 306 1687 349 δὲ

121 372 178 421 μὴ
211 370 368 421 καλάς;

181 439 518 496 Comparandum
547 442 608 481 6613
643 439 931 496 fragmentum
960 439 1178 495 Sophoclis
1211 440 1309 483 105.

479 509 549 552 εἴθ’
583 509 768 560 εἷο-ἴδοιμί
799 527 882 559 πως
915 511 1066 565 φρενῶν
1097 511 1299 563 ἐπήβολον

479 583 613 623 καλῶν
645 596 703 622 σε.

180 720 320 776 Eurip.
355 720 507 776 fragm.
541 718 640 761 554.
672 734 771 777 pag.
808 718 908 762 422.

420 790 464 830 ἐκ
494 794 569 831 τῶν
603 790 793 832 άέλπτων
826 791 847 838 ἦ
880 789 1002 843 χάρις
1034 790 1180 843 μείζων
1211 792 1368 843 βροτοῖς

423 863 604 914 φανεῖσα
636 864 798 911 μάλλον
830 861 852 910 ἢ
885 860 929 903 τὸ
962 860 1292 913 προσδοκώμενον.

179 931 273 974 Non
314 931 452 974 hercle
495 933 649 973 iniuria
690 931 880 974 Nauckio
915 932 1049 982 „loeus
1080 932 1242 973 mutilus
1273 938 1342 974 aut
1373 934 1599 988 corruptus
1628 937 1689 979 vi-

121 1002 254 1044 detur.
317 1003 412 1044 Non
452 1004 591 1057 potuit
634 1003 746 1043 enim
777 1002 999 1057 Euripides
1030 1002 1132 1044 haee
1161 1003 1381 1051 ἀδιανόητα
1415 1005 1562 1048 dicere.
1611 1006 1690 1048 Lo-

120 1087 192 1114 cus
235 1076 296 1114 est
339 1087 389 1114 ex
431 1072 597 1114 Stobaei
631 1070 783 1114 Codice
815 1074 994 1127 pessime
1026 1073 1274 1128 interpolato
1307 1078 1493 1125 sumtus,
1528 1081 1577 1117 ut
1606 1090 1688 1119 non

119 1145 176 1185 sit
208 1157 310 1198 opus
345 1144 466 1184 anxie
498 1143 647 1184 ductus
679 1142 899 1184 literarum
931 1145 1079 1184 rimari
1111 1144 1182 1185 sed
1213 1147 1418 1187 sententia
1450 1160 1531 1201 quo
1563 1147 1688 1190 ducat

120 1215 314 1270 cogitare.
379 1213 524 1268 Itaque
556 1213 887 1254 emendaverim:

417 1289 700 1325 ΤΕΡΠΟΎσα
733 1285 894 1333 μᾶλλον
927 1282 948 1332 ἢ
983 1284 1028 1325 τὸ
1061 1283 1387 1335 προσδοκώμενον.

121 1355 232 1409 quod
263 1368 411 1397 verum
446 1368 533 1396 6666
563 1367 907 1410 unumquemque
938 1356 1130 1396 nostrum
1160 1355 1274 1397 vitae
1306 1368 1406 1398 116116
1438 1356 1591 1400 docuit.

177 1494 323 1550 Eurip.
356 1495 507 1551 fragm.
542 1493 639 1536 600.
673 1508 768 1551 pag.
803 1493 902 1536 433.

450 1563 593 1616 τρόπος
625 1564 682 1608 ε’ςὶ
715 1566 864 1616 χρηςὸς
897 1564 1180 1617 άσφαλέςερος
1214 1565 1351 1616 νόμου·

448 1633 515 1674 τὸν
548 1634 621 1684 μὲν
655 1635 737 1686 γάρ
771 1634 894 1680 οὐδεὶς
928 1634 977 1676 ἂν
1011 1635 1228 1688 διαςρέψαι
1262 1637 1360 1678 ποτέ

446 1704 568 1757 ῥητωρ
602 1704 787 1755 δύναιτο,
821 1706 887 1747 τὸν
919 1706 954 1747 δ’
987 1704 1065 1747 άνω
1098 1722 1143 1747 τε
1176 1707 1243 1748 καὶ
1278 1707 1389 1749 κάτω

447 1774 567 1824 λόγος
600 1775 815 1826 ταράσσων
847 1775 1050 1823 πολλάκις
1081 1778 1342 1826 λυμαίνεται.

116 1859 263 1888 maneo
295 1846 338 1886 in
371 1847 510 1887 vetere
541 1848 746 1887 sententia
776 1846 898 1898 ῥητωρ
933 1850 974 1889 et
1005 1847 1125 1897 λόγος
1153 1847 1294 1890 locum
1319 1850 1429 1892 inter
1453 1865 1496 1894 66
1523 1867 1689 1908 permu-

117 1919 203 1958 tare
246 1916 416 1957 debere:
461 1929 543 1957 non
581 1918 693 1957 enim
736 1916 857 1966 λόγος
902 1918 973 1959 sed
1010 1917 1158 1959 Orator
1188 1918 1327 1975 legem
1359 1920 1615 1977 distorquere
1647 1929 1689 1967 et

117 1989 258 2029 omnia
289 1999 439 2040 susque
466 1986 597 2041 deque
620 1987 772 2028 habere
796 1990 836 2028 et
853 1988 1099 2030 conturbare
1116 1991 1257 2030 omnia
1272 1993 1434 2044 poterat
1451 1995 1493 2033 et
1508 1993 1685 2047 solebat,

117 2060 158 2098 et
198 2060 296 2099 nota
338 2056 506 2111 querela
538 2060 600 2098 est
633 2056 825 2099 Oratores
858 2058 1031 2100 callidos
1063 2062 1104 2100 et
1134 2059 1272 2102 vafros
1304 2060 1395 2107 τοὺς
1428 2061 1569 2113 νόμους
1602 2076 1688 2108 κλι-

117 2126 303 2178 μακίζειν
336 2130 408 2168 aut
441 2125 645 2178 παράγειν
679 2131 752 2169 aut
783 2128 1026 2181 διαςρέφειν.

177 2266 322 2322 Eurip.
355 2267 506 2322 fragm.
543 2265 641 2307 640.
675 2280 771 2323 pag.
806 2265 906 2308 442.

416 2335 553 2386 μάτην
588 2336 670 2387 γάρ
705 2336 793 2388 οἴκῳ
827 2337 894 2378 σὸν
927 2336 1008 2378 τόδ’
1042 2337 1191 2388 ἐκβαίη
1224 2339 1352 2385 τέλος.

119 2407 285 2450 affertur
326 2421 349 2448 a
392 2408 684 2463 grammaticis
727 2410 775 2448 ut
809 2410 1003 2462 appareat
1034 2406 1151 2454 τέλος
1183 2423 1269 2451 esse
1302 2409 1555 2464 δαπάνημα,
1588 2414 1689 2457 dvei-
1751 2454 1753 2456 ,

119 2487 250 2528 λωμα.
314 2475 460 2532 Itaque
492 2476 760 2518 scribendum
791 2480 875 2518 est:

417 2546 553 2598 μάτην
587 2545 636 2588 ἂν
667 2546 780 2588 οἴκων
812 2548 888 2588 σῶν
919 2546 998 2589 τόδ’
1030 2546 1177 2598 ἐκβαίη
1209 2547 1340 2596 τέλος.

119 2617 163 2659 id
195 2620 256 2659 6613
285 2616 422 2667 μάτην
455 2616 504 2658 ἂν
536 2616 928 2664 τόδε-άναλώσειας.

178 2687 364 2743 Euripid.
397 2689 552 2744 fragm.
590 2686 687 2729 643.
719 2701 815 2744 pag.
850 2686 951 2729 443.

419 2759 460 2799 οὐ
494 2757 575 2809 γάρ
609 2758 723 2808 παρα
758 2763 938 2809 κρατῆρα
970 2755 1037 2799 καὶ
1071 2756 1194 2805 θοίνην
1226 2756 1344 2808 μόνον

418 2827 473 2869 τά
506 2827 692 2879 χρήματ’
725 2828 978 2879 ἀνθρώποισιν
1013 2827 1152 2875 ἡδονάς
1184 2826 1297 2879 ἔχει,

402 2889 514 2939 ’ἀλλ’
548 2899 586 2938 ἐν
619 2902 775 2940 κακοῖσι
809 2897 977 2949 δύναμιν
1010 2899 1051 2940 οὗ
1085 2897 1233 2950 μικράν
1265 2897 1391 2951 φέρει.

252 2977 296 3009 Il.
1461 2972 1498 2999 15
