1946 3298
886 201 940 244 63

127 326 248 381 plum
289 340 328 381 p.
375 325 475 367 400.
520 320 558 371 ὃς
605 326 653 368 ἂν
692 325 714 379 ἦ
747 330 957 371 παντελῶς
990 327 1173 373 ἐπίπονος
1206 328 1277 374 την
1318 328 1497 379 ψυχὴν
1538 329 1699 375 πολλὰς

128 397 402 444 οὶπαντλησας
445 402 659 448 συμφορας
704 397 771 438 καὶ
815 397 951 441 λύπας
991 398 1028 437 ἐν
1061 398 1113 448 τῷ
1144 397 1236 449 βίῳ.
1299 397 1445 439 Nonne
1478 398 1607 449 τύχην
1641 415 1700 441 re-

128 465 392 521 ponendum?
456 466 566 518 Quid
606 469 813 508 miramur
855 467 1008 508 scribas
1055 469 1246 509 omnium
1295 482 1436 509 rerum
1483 470 1701 522 imperitos

131 539 186 579 sic
215 551 347 579 errare
376 542 417 578 et
443 541 581 578 τοῦτον
609 538 784 578 scribere
810 551 884 592 pro
910 535 1080 592 τοῦψον,
1109 538 1182 579 ubi
1209 538 1473 593 Hesychium
1508 539 1702 581 videmus

128 609 238 649 inter
281 609 457 653 Ἀτίσεις
503 612 544 649 et
589 608 836 649 Ἀτίταλλον
883 608 1072 649 medium
1120 622 1271 662 ponere
1322 608 1579 656 ’Λτισιλινοῖς
1629 623 1702 664 pro

131 682 273 729 ’Λφῖσι
315 676 450 719 λίνουῗ
512 677 717 718 Plurimis
758 679 845 719 iam
887 678 989 719 locis
1030 679 1262 720 emendatis
1293 678 1422 719 multi
1455 683 1596 720 tamen
1629 680 1704 721 alii

130 748 380 790 emendandi
421 752 666 802 supersunt,
702 752 748 789 ut
778 750 822 788 in
854 747 1055 804 Diogenis
1086 748 1275 802 Epistola
1309 748 1377 790 31.
1407 750 1467 803 (in
1499 749 1704 792 Hercheri

129 819 365 872 Epistoloyr.
410 832 506 874 pag.
543 818 672 871 246);
707 818 814 866 μοέθε
847 820 903 867 μη
938 819 1005 858 ὑπ’
1038 819 1244 868 ἀνθρώπων
1278 821 1527 869 τυπτόμενος
1562 837 1704 872 καρτε-

130 894 206 940 ρεῖν
239 888 336 929 ἀλλ’
370 890 444 930 ὑπὸ
477 894 548 936 τῆς
585 894 730 940 Ψυχῆς
757 913 812 920 —-
837 890 979 942 πενία,
1015 888 1178 942 ἀδοξίᾳ,
1215 890 1442 944 δυσγενείᾳ.

191 1028 322 1085 Pag.-
343 1028 441 1069 422.
487 1026 557 1074 ἕως
603 1028 651 1069 ἂν
686 1029 748 1068 ἐπὶ
783 1029 827 1070 τὸ
858 1027 1069 1070 Ὕίτατον
1102 1029 1280 1079 ἀπέλθης
1314 1036 1386 1076 τῆς
1420 1036 1510 1079 γῆς.
1544 1032 1706 1073 ultimae

130 1103 262 1140 terrae
303 1099 460 1141 Graece
504 1099 700 1140 dicuntur
743 1098 908 1149 ἔσχατα
958 1100 1107 1149 γαίης,
1155 1101 1210 1140 τα
1260 1099 1428 1151 ἔσχατα
1477 1107 1579 1151 γῆς,
1623 1117 1704 1144 non

131 1168 267 1212 ὕςατα
345 1170 446 1211 Erat
489 1171 615 1211 crasis
657 1175 1011 1211 TOTCXATON
1053 1170 1304 1221 τοῦσχατον,
1339 1185 1443 1225 quae
1476 1173 1630 1214 scribas
1662 1176 1705 1214 in

130 1254 310 1282 errorem
350 1241 532 1281 induxit.
600 1239 773 1294 Saepius
815 1242 874 1281 sic
918 1255 1050 1282 erases
1082 1246 1243 1282 veteres
1274 1243 1318 1281 in
1350 1243 1549 1285 mendosa
1579 1246 1705 1299 scrip-

130 1315 226 1352 tura
257 1315 350 1352 tuto
383 1310 632 1352 delitescunt
665 1311 793 1352 donec
826 1311 876 1352 ab
909 1311 1049 1365 aliquo
1082 1314 1354 1366 reperiantur.

192 1450 354 1492 Mirum
382 1448 644 1491 Dindorfium
668 1452 795 1491 etiam
815 1450 1078 1492 admonitum
1096 1465 1177 1492 non
1195 1454 1368 1492 sensisse
1385 1454 1428 1492 in
1447 1453 1585 1494 verbis
1602 1468 1706 1508 quae

134 1521 407 1576 praecedunt:
444 1521 529 1571 περὶ
565 1521 762 1566 απαιδιάς
798 1521 851 1574 [εἴ
882 1537 935 1572 τῳ
968 1523 1025 1570 μη
1057 1523 1230 1571 γένοιντο
1265 1523 1431 1577 παῖδες]
1464 1537 1545 1564 non
1573 1538 1706 1565 unum

132 1592 347 1633 hominem
391 1590 527 1645 loqui,
573 1591 644 1632 sed
687 1591 800 1633 duos.
868 1593 1133 1634 incredibilis
1175 1598 1237 1634 est
1270 1594 1493 1635 sciolorum
1526 1595 1707 1637 futilitas

133 1662 328 1703 omnibus
361 1667 458 1703 nota
489 1662 636 1717 putide
668 1664 1051 1717 interpretantium.
1114 1663 1222 1720 Pag.
1254 1663 1352 1705 609.
1383 1668 1560 1716 καθαρῶς
1590 1666 1705 1712 ὄντας

129 1732 338 1780 Ἕλληνας
384 1732 544 1773 addunt
583 1734 635 1784 τῷ
680 1731 783 1782 ἕντι,
828 1747 928 1789 pag.
977 1733 1076 1775 611.
1119 1740 1200 1780 τοῖς
1244 1736 1366 1784 μηδὲν
1413 1735 1549 1786 ἔχουσι
1584 1737 1706 1778 κακόν

133 1803 373 1845 adscribunt
405 1809 486 1849 τοῖς
522 1803 760 1852 ὑγιαίνουσι.
824 1804 972 1846 Alexis
1006 1805 1210 1847 Athenaei
1237 1820 1334 1860 pag.
1370 1805 1454 1847 558
1473 1820 1510 1848 E.

1019 1876 1102 1917 οὐδὲ
1139 1872 1177 1918 ἓν
1210 1878 1331 1918 κακόν

479 1945 616 1996 ἔχουσι
644 1947 712 1986 καὶ
746 1944 914 1996 κοὲμνειν
947 1948 1111 1997 λέγουσ’
1146 1947 1327 1990 {notem-s.

194 2084 509 2128 Commemorat
539 2085 633 2127 Dio.
666 2100 703 2140 p.
743 2084 843 2127 424.
877 2084 999 2136 λόγον
1031 2087 1204 2138 οέρχαῖον
1238 2086 1457 2137 λεγόμενον
1491 2090 1568 2131 ὑπό
1605 2106 1707 2136 τινος

138 2156 401 2211 Σωκράτους,
437 2152 476 2197 ἓν
508 2157 695 2198 οὐδέποτε
729 2158 872 2203 ἐκεῖνος
907 2159 1119 2199 ἐπαύσατο
1152 2158 1282 2209 λέγων
1317 2164 1538 2211 πανταχοῦ
1567 2177 1611 2201 τε
1639 2163 1708 2203 καὶ

138 2229 231 2280 πρὸς
269 2226 461 2274 ἅπαντας
492 2229 595 2278 βοῶν
629 2229 695 2269 καὶ
731 2228 1021 2278 διατεινόμενος
1057 2230 1124 2270 καὶ
1158 2231 1196 2270 ἐν
1229 2236 1319 2275 ταῖς
1354 2232 1604 2283 mma—pm
1640 2234 1707 2273 καὶ

136 2301 174 2340 ἐν
216 2300 270 2350 τῷ
310 2299 468 2350 Λυκείῳ
511 2300 578 2339 καὶ
623 2299 687 2339 ἐπὶ
731 2303 806 2340 τῶν
851 2302 1119 2350 ΔΙΚαςηρίων
1163 2302 1230 2341 καὶ
1267 2303 1360 2342 κατ’
1392 2303 1546 2352 οέγοροὶν
1581 2300 1710 2353 ὥσπερ

136 2371 217 2411 αἶπὸ
265 2375 458 2420 μηχανῆς
505 2369 610 2419 θεός,
654 2368 702 2416 ὥς
752 2369 830 2422 ἔφη
879 2386 954 2416 τις.
1028 2371 1182 2413 Multis
1228 2373 1396 2414 indiciis
1443 2375 1710 2425 ΔΙΚοιςηρίων

136 2440 383 2482 mendosum
425 2455 512 2482 esse
550 2442 754 2497 arguitur.
818 2440 1007 2483 Socrates
1040 2442 1170 2484 semel
1201 2444 1245 2483 in
1278 2445 1367 2484 vita
1399 2444 1453 2489 εἰς
1488 2445 1710 2495 δικαςήριον

136 2511 330 2558 εἰσῆλθεν.
394 2511 507 2552 Audi
546 2513 688 2566 ipsum
730 2511 938 2553 dicentem
979 2514 1023 2553 in
1063 2512 1251 2554 Platonis
1291 2513 1484 2567 Apoloqia
1519 2528 1559 2568 p.
1596 2513 1649 2556 17
1667 2527 1709 2556 D.

137 2585 202 2623 νῦν
239 2582 319 2631 ἐγὼ
353 2586 502 2632 πρῶτον
535 2582 600 2623 ἐπὶ
629 2582 852 2633 δικαςήριον
879 2583 1149 2633 ἀναβέβηκα·
1176 2585 1360 2635 ατεχνῶς
1389 2580 1452 2625 οὖν
1481 2582 1598 2632 ξένως
1627 2584 1709 2636 ἔχω

136 2659 208 2701 τῆς
243 2652 379 2693 ἐνθάδε
411 2650 581 2706 λέξεως,
615 2667 748 2707 neque
779 2657 964 2708 poterat,
993 2654 1136 2703 credo,
1167 2655 1277 2709 apud
1303 2654 1463 2696 iudices
1490 2660 1711 2710 occupatos

138 2723 187 2764 de
218 2724 378 2764 virtute
410 2722 561 2764 morali
593 2723 805 2765 disserere.
869 2724 977 2775 Quid
1010 2728 1071 2766 est
1102 2726 1238 2781 igitur
1272 2723 1531 2781 legendum?
1593 2725 1710 2769 Dabo

136 2792 276 2834 locum
319 2793 464 2835 eodem
507 2795 614 2834 vitio
656 2793 934 2845 laborantem,
981 2799 1023 2837 et
1065 2809 1115 2836 ex
1158 2797 1318 2850 optimo
1360 2795 1469 2838 libro
1500 2800 1707 2838 sanatum.

137 2864 285 2918 Itaque
325 2865 369 2904 in
410 2864 555 2905 eodem
593 2865 739 2906 morbo
770 2866 913 2907 eadem
946 2867 1155 2908 medicina
1184 2866 1404 2907 utendum.
1467 2867 1591 2921 Apud
1623 2867 1710 2909 Iso-

140 2937 295 2975 cratem
334 2935 380 2975 in
422 2935 693 2989 Areopaq-itioo
734 2950 775 2990 p.
821 2935 916 2978 142.
964 2936 1335 2979 circumferebatur
1375 2936 1476 2978 olim
1513 2937 1711 2979 mendosa
