1946 3298
954 175 1040 220 432

199 297 370 346 brevius
400 303 597 362 Dionysii
628 304 869 348 testimonio
900 320 975 348 nec
1007 319 1106 349 vera
1134 304 1195 348 rei
1226 304 1333 348 ratio
1362 308 1532 363 apparet
1563 308 1605 349 et
1637 305 1778 350 omnia

200 377 298 415 sunt
340 373 542 432 languida
581 379 622 417 et
664 375 832 433 frigida.
896 376 1010 418 Audi
1051 376 1161 418 mihi
1199 389 1333 431 pauca
1374 378 1501 420 verba
1541 378 1776 433 utriusque.

199 443 481 487 Nicomachus
525 446 548 500 ξ
591 445 659 487 60.
703 446 947 496 Βουλόμενος
988 443 1052 488 οὖν
1095 447 1194 488 ποτὲ
1234 447 1437 492 Διονύσιος
1470 453 1611 499 πεῖραν
1645 448 1777 490 αὐτῶν

198 515 349 566 λαβεῖν
389 516 621 566 λεγομένων
661 520 772 558 τινῶν
817 518 866 563 ὡς
911 516 1210 569 συλληφθέντες
1247 517 1317 558 οὐκ
1349 517 1562 567 ἐμμένουσι
1596 524 1645 570 τῇ
1680 517 1774 570 πρὸς

199 584 406 634 ἀλλήλους
439 586 547 630 πίςει
581 586 672 628 ταδ’
706 587 901 636 ἐποίησεν.
936 588 1011 629 ubi
1043 587 1177 629 scribe
1208 588 1411 638 λεγόντων
1444 601 1517 643 pro
1546 587 1775 639 λεγομένων

198 659 239 696 et
280 656 511 705 ἐμμενοῦσι.
575 657 848 699 Aristoxenus
890 662 1033 700 autem
1074 659 1096 713 ξ
1129 656 1229 700 234.
1267 657 1471 704 Διονύσιος
1504 656 1568 700 οὖν
1599 658 1775 700 ἐκπεσὼν

197 731 269 773 τῆς
301 727 526 778 τυραννίδος
559 727 804 781 ἀφικόμενος
838 729 893 776 εἷς
931 728 1107 781 Κόρινθον
1141 734 1437 771 HOAAAKIC
1469 730 1564 779 ἡμῖν
1596 729 1774 779 διηγεῖτο

195 795 252 837 τα
286 797 374 849 περ)
408 802 484 840 τῶν
517 798 629 840 κατα
664 799 829 841 Φιντίαν
861 815 907 841 τε
939 799 1009 841 καὶ
1044 798 1232 849 Δάμωνα
1265 799 1355 846 τοὺς
1390 799 1698 851 Πυθαγορείους.
1732 797 1776 848 ἧν

195 866 236 908 δὲ
268 871 406 910 ταῦτα
440 869 498 911 τα
529 869 616 921 περὶ
650 870 722 917 τὴν
753 874 822 912 τοῦ
857 868 1030 912 θανοέτου
1063 869 1280 921 γενομένην
1313 869 1484 920 ἐγγύην.
1518 871 1534 912 ὂ
1564 870 1603 912 δὲ
1630 869 1774 920 τρόπος

194 943 266 986 τῆς
309 940 544 990 ε’γγυησεως
586 939 737 982 τοιόσδε
780 957 840 987 τις
885 939 941 989 ἦν.
1005 938 1125 983 Εἶναί
1156 957 1271 987 τινας
1305 939 1384 992 ἔφη
1418 945 1494 983 τῶν
1527 940 1615 992 περὶ
1651 942 1774 983 αὐτὸν

195 1008 505 1060 διατριβόντων,
537 1005 571 1052 οἳ
599 1011 802 1058 πολλάκις
832 1013 1032 1054 ἐποιοῦντο
1059 1012 1201 1062 μνείαν
1230 1016 1305 1054 τῶν
1329 1011 1608 1063 Πυθαγορείων
1638 1011 1775 1054 διασύ-

193 1095 324 1130 ροντες
367 1080 435 1121 καὶ
478 1080 777 1131 διαμωκώμενοι
820 1082 890 1124 καὶ
936 1081 1140 1135 ἀλαζόνας
1184 1083 1487 1129 ἀποκαλοῦντες
1522 1082 1669 1129 αὐτοὺς
1703 1083 1771 1124 καὶ

193 1149 384 1201 λέγοντες
428 1147 488 1192 ἔτι
522 1151 708 1200 ἐκκοπείη
744 1151 792 1194 ἂν
828 1154 958 1194 αὐτῶν
994 1152 1016 1201 η’
1048 1169 1092 1194 τε
1126 1154 1323 1203 σεμνότης
1359 1152 1462 1202 αὕτη
1496 1153 1564 1195 καὶ
1600 1155 1620 1202 ἦ
1655 1169 1774 1205 προσ--

192 1220 354 1269 ποίητος
388 1220 499 1268 πίςις
533 1221 601 1263 καὶ
637 1224 658 1270 ἦ
693 1221 876 1265 ἀπάθεια
908 1222 946 1264 εἴ
976 1239 1037 1270 τις
1071 1224 1344 1273 καταςήσειεν
1375 1224 1522 1271 αὐτοὺς
1552 1224 1605 1270 εἰς
1638 1224 1771 1276 Φόβον

192 1290 423 1344 ἀξιόχρεων.
505 1293 823 1344 Ἀντιλεγόντων
876 1293 918 1335 δέ
965 1310 1078 1335 τινων
1127 1294 1195 1336 καὶ
1246 1295 1492 1345 γιγνομένης
1541 1296 1769 1347 φιλονικίας

191 1363 469 1414 συνταχθῆναι
504 1363 568 1404 ἐπὶ
601 1363 692 1411 τοὺς
726 1364 813 1416 περὶ
850 1364 1015 1406 Φιντίαν
1052 1365 1208 1419 (δρᾶμα
1235 1365 1397 1408 τοιόνδε.
1428 1364 1772 1415 μεταπεμψάμε-

191 1447 251 1478 νος
295 1432 312 1474 o‘
357 1433 556 1481 Διονύσιος
602 1434 680 1487 ἔφη
722 1436 789 1478 τὸν
833 1437 997 1478 Φιντίαν
1037 1437 1376 1492 supplementum
1413 1451 1463 1478 ex
1495 1436 1560 1493 F.)
1596 1436 1771 1477 ἐναντίον

189 1518 235 1544 τε
277 1503 368 1545 τινα
413 1509 490 1546 τῶν
531 1505 768 1557 κατηγόρων
808 1508 934 1548 αὐτοῦ
977 1498 1135 1556 εἰπεῖν,1
1169 1505 1227 1549 ἔτι
1266 1507 1439 1559 φανερὸς
1477 1506 1625 1557 γέγονε
1658 1505 1784 1556 μετά,

190 1589 302 1614 τινων
343 1574 617 1625 ἐπιβουλεύων
662 1577 772 1629 αὐτῷ
815 1577 883 1618 καὶ
917 1581 1034 1619 τοῦτο
1067 1579 1358 1630 μαρτυρεῖσθαί
1390 1594 1436 1620 τε
1472 1578 1547 1619 ὑπὸ
1581 1582 1656 1620 τῶν
1690 1592 1771 1619 πα-

190 1644 332 1696 ρόντων
364 1646 518 1688 ἐκείνων
545 1647 613 1688 καὶ
643 1647 715 1695 την
743 1648 1029 1698 ἀγανάκτησιν
1057 1650 1227 1696 πιθανῶς
1257 1648 1364 1691 πάνυ
1390 1648 1594 1699 γενέσθαι.
1641 1648 1772 1705 Egre-

188 1716 258 1771 gie
290 1715 392 1758 haec
425 1719 566 1759 omnia
597 1722 764 1760 narrata
797 1724 895 1760 sunt
927 1723 976 1761 ut
1007 1733 1206 1776 agnoscas
1240 1720 1455 1763 oculatum
1482 1724 1648 1762 testem.
1695 1719 1772 1762 Est

186 1786 231 1827 in
256 1786 322 1828 his
349 1801 458 1829 unus
485 1787 601 1830 locus
626 1789 879 1844 impeditus,
908 1791 954 1831 in
981 1804 1061 1845 quo
1090 1791 1271 1833 sanando
1298 1791 1408 1833 mihi
1434 1805 1517 1833 non
1543 1791 1766 1833 satisfacio.

186 1854 402 1899 Sententia
433 1858 641 1913 postulat:
676 1860 1066 1913 μεταπεμψάμενος
1099 1862 1116 1903 ὁ
1151 1861 1352 1908 Διονύσιος
1387 1860 1467 1914 ἔφη
1500 1861 1566 1903 τὸν
1601 1860 1766 1903 Φιντίαν

185 1925 505 1970 ἘΝΑΝΤΙΟΝ
552 1934 628 1971 τῶν
676 1931 913 1982 κατηγόρων
961 1933 1085 1974 αὐτοῦ
1135 1933 1286 1980 εἰπεῖν,
1337 1931 1408 1974 sed
1454 1945 1536 1974 non
1587 1931 1763 1987 dispicio

182 1997 293 2040 unde
334 1998 511 2056 vulgata
552 2000 729 2042 ἐναντίον
769 2018 816 2043 τε
858 2001 950 2044 τινά
990 2004 1106 2045 nasci
1147 2003 1346 2058 potuerit.
1409 2001 1588 2057 Reliqua
1621 2003 1763 2044 omnia

181 2067 353 2122 perinde
385 2073 482 2111 sunt
514 2072 669 2113 eximia
700 2086 831 2127 usque
857 2073 908 2115 ad
935 2073 958 2128 ξ
986 2072 1085 2115 236.
1116 2073 1207 2118 τοὺς
1236 2073 1276 2115 ’δὲ
1303 2073 1440 2123 μηδενὶ
1471 2071 1601 2125 τρόπῳ
1630 2072 1762 2114 καίτοι

181 2142 447 2191 λιπαροῦντος
479 2142 604 2183 αὐτοῦ
639 2145 902 2193 συγκαθεῖναι
937 2145 992 2191 εἷς
1025 2145 1071 2186 τὸ
1104 2146 1291 2186 τοιοῦτον.

243 2210 338 2252 Non
383 2214 445 2253 est
488 2212 716 2255 admodum
759 2214 928 2257 difficile
969 2215 1021 2257 ad
1063 2215 1390 2272 intelligendum
1425 2214 1535 2256 unde
1567 2214 1644 2256 hoc
1673 2217 1762 2256 tan·

181 2283 275 2323 tum
309 2281 533 2324 discrimen
564 2287 714 2325 natum
747 2286 816 2327 sit.
880 2285 1077 2328 Habebat
1108 2285 1366 2328 lamblichus
1399 2285 1449 2327 ad
1480 2298 1680 2334 manum,
1714 2286 1763 2325 ut

180 2351 388 2402 vidimus,
434 2354 588 2409 scripta
629 2355 867 2398 Aristoxeni
909 2360 950 2398 et
992 2356 1241 2399 Nicomachi
1283 2359 1323 2397 et
1367 2355 1593 2410 Apollonii.
1659 2352 1764 2396 Coe-

180 2424 298 2477 perat
325 2422 556 2466 describere
587 2425 715 2467 verba
746 2425 994 2468 Nicomachi
1026 2427 1172 2468 eadem
1198 2439 1302 2481 quae
1329 2425 1440 2480 apud
1472 2424 1762 2481 Porphyrium

179 2491 393 2548 leguntur.
442 2493 525 2535 Ubi
553 2495 604 2536 ad
632 2496 871 2538 Aristoxeni
898 2498 1190 2539 testimonium
1222 2497 1413 2551 pervenit
1439 2495 1594 2537 maluit
1621 2495 1763 2537 locum

179 2561 545 2618 elegantissimum
586 2579 636 2606 ex
673 2567 763 2621 ipso
796 2568 1045 2609 Aristoxeno
1079 2567 1373 2608 transscribere
1407 2580 1534 2621 quam
1567 2566 1763 2608 Nicoma-

177 2632 245 2673 chi
286 2636 480 2687 excerpta
512 2636 651 2689 sequi,
686 2636 737 2677 ad
772 2650 898 2691 quem
930 2638 975 2678 in
1008 2636 1088 2678 fine
1120 2636 1202 2679 ioci
1234 2637 1360 2678 rediit
1394 2636 1460 2678 his
1492 2635 1656 2679 verbis:
1692 2635 1760 2676 καὶ

177 2704 316 2743 ταῦτα
358 2704 432 2752 μὲν
477 2703 494 2744 ὁ
538 2702 786 2754 Ἀριςόξενος
822 2708 871 2752 ὡς
910 2707 1005 2759 παρ’
1039 2708 1164 2749 αὐτοῦ
1197 2710 1268 2748 τοῦ
1303 2707 1509 2749 Διονυσίου
1542 2705 1759 2756 πυθόμενός

177 2777 316 2826 φησιν.
349 2772 372 2827 ξ
403 2771 505 2817 237.
539 2773 748 2830 Porphyr.
781 2777 803 2830 ξ
841 2776 910 2818 61.

235 2843 358 2885 Nunc
390 2844 464 2885 ubi
496 2843 546 2886 de
571 2846 632 2886 rei
658 2846 818 2887 ratione
842 2846 1003 2902 liquido
1031 2850 1215 2895 constat,
1243 2861 1324 2890 non
1352 2848 1424 2889 abs
1454 2860 1498 2888 re
1526 2850 1588 2888 est
1615 2847 1757 2889 videre

175 2927 256 2970 quo
298 2917 419 2970 pacto
462 2913 571 2970 apud
608 2914 791 2970 reliquos
824 2919 951 2958 testes
984 2919 1140 2959 veritas
1173 2918 1393 2960 obscurata
1428 2917 1569 2959 fuerit.
1617 2917 1758 2960 Habe-
