1946 3298
917 159 1001 203 412

168 289 236 331 καὶ
280 288 456 342 ῥοπάλῳ.
519 288 613 330 Non
654 289 817 342 poterat
848 287 949 329 haec
980 285 1142 328 insania
1171 283 1373 339 lepidiora
1404 285 1574 326 nomine
1606 285 1745 342 appel-

166 359 246 402 lari
278 374 405 415 quam
437 359 682 409 θηρόπεπλος
716 358 863 407 μοινίοο.

229 429 356 473 Ridet
385 432 575 485 ineptum
602 429 820 469 hominem
845 429 972 470 etiam
999 427 1245 481 Anaxippus
1266 426 1472 468 Athenaei
1489 439 1585 483 pag.
1606 425 1691 468 403
1697 427 1748 481 f,

469 499 537 541 τὸν
569 498 692 549 ὄρθρον
727 499 764 539 ἐν
797 504 888 543 ταῖς
921 496 1060 549 χεροὶν
1093 496 1181 547 ἕψει
1215 495 1371 546 βιβλία

469 568 622 621 ἔχοντα
656 567 724 609 καὶ
757 566 953 619 ζητοῦντα
987 567 1041 608 τοὶ
1076 566 1187 607 κκτοὶ
1220 567 1292 613 τὴν
1323 566 1489 617 τέχνην.

466 639 573 681 οὐδὲν
609 639 798 689 Διοδώρου
830 637 1003 689 δικφέρω
1041 637 1298 678 τάσπενδίου.

165 726 264 754 nam
295 711 413 753 nulla
446 714 508 752 est
535 711 814 751 controversia
838 710 939 764 quin
965 711 1075 749 recte
1109 708 1168 748 sic
1196 706 1480 748 emenda-verit
1506 706 1748 749 Meinekius

167 784 420 837 scripturam
453 782 568 822 unici
607 777 793 821 Codicis:
827 779 935 820 οὐδὲν
968 777 1313 830 χονδρεύουσι
1347 777 1537 828 δικφέρω.

225 852 372 894 Fuisse
417 854 461 892 in
503 849 682 893 Graecia
722 852 808 891 iam
842 855 936 890 ante
969 848 1199 890 Diodorum
1233 847 1493 902 Aspendium
1513 880 1522 897 ,
1557 849 1630 903 qui
1661 862 1748 890 sese

165 923 269 965 falso
317 923 608 979 Pythagoreos
655 934 741 962 esse
787 922 991 962 iactarent
1033 924 1203 974 apparet
1246 933 1296 960 ex
1338 917 1428 960 loco
1471 918 1664 960 Isocra-tis
1702 920 1748 959 in

165 994 359 1034 Busiride
389 1006 485 1048 pag.
522 991 607 1033 227
627 991 666 1032 b.
701 991 760 1031 ἔτι
794 991 861 1030 καὶ
896 994 959 1032 νῦν
992 990 1079 1035 τοὺς
1118 990 1610 1040 προσποιουμένους
1644 989 1746 1030 ἐκεί-

166 1080 228 1105 νου
289 1064 565 1118 (Pytleaqorae)
625 1062 816 1110 μκθητοὶς
865 1058 964 1101 sim
1013 1064 1174 1110 μᾶλλον
1222 1064 1423 1110 σιγῶντκς
1474 1058 1747 1111 θκυμοέζουσιν

164 1133 361 1188 (Urbinas
401 1147 475 1188 pro
520 1130 797 1184 θκυμοέζομεν)
843 1132 863 1177 ἢ
908 1131 1000 1177 τοὺς
1045 1132 1109 1172 ἐπὶ
1153 1132 1206 1182 τῷ
1245 1131 1382 1180 λέγειν
1415 1130 1591 1180 ,asyle-nv
1625 1129 1744 1178 δόξαν

165 1205 363 1259 ἔχοντ-κς,
408 1203 478 1245 sed
520 1207 792 1257 posteaquam
831 1200 1038 1242 Diodorus
1082 1202 1136 1247 εἷς
1180 1202 1251 1249 τὴν
1293 1200 1480 1242 Ἑλλοὲδκ
1516 1201 1744 1243 ἐπανελθὼν

165 1275 323 1317 διέδωκε
367 1275 444 1319 τὰς
488 1273 778 1322 Πυθκγορείους
823 1271 964 1324 φωνάς
1002 1271 1309 1326 propullulavit
1339 1284 1497 1312 novum
1529 1271 1744 1327 Pythago-

164 1360 330 1388 reorum
372 1358 523 1402 agmen
566 1343 758 1384 sordibus
801 1346 841 1383 et
882 1342 1032 1384 illuvie
1079 1341 1364 1396 squalentium
1410 1341 1579 1396 perinde
1622 1346 1746 1396 atque

165 1417 377 1459 immundi
435 1413 607 1470 Cynici,
671 1426 773 1468 quos
831 1413 1017 1454 suaviter
1059 1412 1198 1453 rident
1243 1411 1528 1466 Antiphanes,
1577 1411 1745 1467 Alexis,

165 1487 445 1542 Aristophon,
480 1484 677 1526 Cratinus
712 1485 875 1531 minor,
911 1482 1240 1524 Mnesimachus.
1303 1482 1513 1523 Dicuntur
1543 1482 1589 1523 hi
1619 1484 1745 1524 πυθοι-

163 1557 331 1610 γορίζειν
376 1561 418 1598 et
462 1555 735 1604 πυθκγοριςκί
776 1553 1064 1608 appellantur,
1110 1553 1159 1594 de
1202 1553 1354 1607 quibus
1386 1554 1486 1594 satis
1518 1557 1580 1594 est
1609 1567 1744 1594 unum

161 1619 304 1671 locum
335 1627 516 1683 proferre
545 1623 857 1678 Aristophontis
887 1623 997 1678 apud
1023 1622 1255 1680 Diogenem
1282 1623 1499 1665 Laertium
1530 1622 1641 1665 VHI.
1671 1622 1741 1665 38.

1199 1693 1365 1735 ἐσθίουσι
1400 1693 1440 1735 δέ

435 1765 614 1818 λάχανά
647 1782 693 1807 τε
726 1765 794 1807 καὶ
829 1765 1004 1806 πίνουσιν
1039 1765 1103 1806 ἐπὶ
1138 1764 1293 1810 τούτοις
1327 1764 1439 1817 ὕδωρ.

434 1840 602 1891 φθεῖρας
638 1836 679 1878 δὲ
713 1836 781 1877 xx)
814 1837 992 1887 τρίβωνοο
1024 1837 1096 1883 τήν
1127 1835 1165 1876 τ’
1197 1834 1393 1877 οέλουσίοιν

432 1909 556 1954 οὐδεὶς
591 1907 640 1948 ἂν
674 1907 899 1956 ὑπομείνειε
926 1911 1003 1948 τῶν
1036 1905 1239 1956 νεωτέρων.

226 1980 287 2024 Eo
319 1979 490 2022 tandem
520 1978 670 2020 recidit
701 1977 913 2033 praeclara
944 1978 1245 2032 sapientissimi
1276 1977 1359 2019 viri
1387 1975 1630 2032 disciplina!

218 2123 442 2166 Iamblichi
482 2121 565 2162 vita
604 2121 851 2175 Pythaqorae
889 2120 1125 2160 maximam
1169 2122 1331 2173 partem
1364 2119 1540 2161 conflata
1575 2122 1616 2161 et
1647 2134 1741 2162 con-

158 2196 364 2237 sarcinata
408 2196 468 2233 est
510 2205 558 2233 ex
600 2190 702 2232 locis
744 2189 923 2231 aliorum
966 2191 1242 2244 scriptorum,
1285 2191 1439 2244 partim
1474 2194 1666 2232 veterum
1698 2194 1740 2232 et

159 2278 338 2321 magnae
371 2262 633 2304 auctoritatis
665 2274 712 2302 ac
743 2259 865 2308 fidei,
909 2262 1063 2315 partim
1097 2260 1375 2301 recentiorum
1412 2259 1572 2301 levium
1606 2264 1648 2301 et
1675 2260 1740 2301 fu-

159 2335 305 2377 tilium
363 2337 426 2387 et,
477 2346 529 2374 ne
577 2331 714 2372 dicam
763 2330 879 2380 dolo,
927 2331 1243 2385 impudentium
1288 2334 1558 2386 nugatorum.
1622 2330 1739 2373 Haec

161 2406 301 2448 omnia
331 2405 375 2444 in
408 2409 546 2458 partes
578 2406 652 2443 aut
677 2402 926 2442 minutiores
952 2400 1180 2455 particulas
1209 2400 1385 2441 dissecta
1411 2404 1529 2441 tanta
1554 2401 1740 2443 socordia

158 2477 202 2517 in
245 2487 375 2515 unum
423 2472 640 2521 conflavit,
688 2475 737 2513 ut
780 2485 1076 2526 saepenumero
1119 2471 1184 2511 bis
1223 2474 1295 2511 aut
1347 2474 1411 2511 ter
1459 2471 1603 2512 eadem
1651 2472 1739 2513 sine

158 2544 248 2587 ulla
279 2543 468 2585 utilitate
499 2544 716 2584 iteraverit
745 2541 1028 2597 lectoremque
1060 2541 1275 2583 fastidiosa
1305 2542 1552 2595 repetitione
1584 2545 1738 2583 enecet.

217 2615 424 2657 Dedimus
464 2614 550 2654 iam
594 2611 810 2667 complura
857 2612 985 2653 huius
1027 2613 1087 2653 rei
1119 2610 1334 2665 exempla,
1369 2611 1520 2665 quibus
1551 2612 1739 2665 primum

158 2687 242 2729 alia
274 2682 559 2737 compluscula
592 2682 812 2729 addemus,
847 2696 927 2736 quo
957 2682 1123 2723 facilius
1149 2686 1292 2736 postea
1318 2679 1505 2736 singulos
1531 2684 1736 2731 auctores,

159 2772 262 2814 quos
293 2755 449 2808 ubique
483 2753 771 2806 descripserit,
805 2753 1005 2808 indagare
1038 2758 1079 2793 et
1111 2765 1354 2808 cognoscere
1386 2752 1605 2804 possimus.
1659 2751 1738 2792 Te-

157 2827 342 2872 nendum
384 2829 525 2866 autem
568 2822 647 2864 hoo
690 2827 771 2871 est,
819 2822 1022 2877 quidquid
1054 2822 1163 2878 apud
1196 2820 1478 2863 Iamblichum
1510 2822 1738 2876 repetitum

155 2899 324 2956 legatur
369 2899 433 2953 (ut
469 2893 707 2950 plurimum
742 2892 895 2936 iisdem
926 2894 1086 2946 verbis,
1116 2905 1433 2946 nonnumquam
1463 2890 1614 2935 leviter
1643 2905 1737 2934 mu-
