1946 3298
963 166 1046 211 162

273 292 424 336 Suidas
454 308 496 335 v.
530 292 771 341 Ἀλέοιμι
803 292 893 332 ἀντὶ
923 294 992 333 τοῦ
1028 289 1383 341 θερμαίνοιμι.
1419 290 1702 341 Ἀριςοφοένης.
1737 288 1793 331 Et

212 363 352 420 glossa
382 364 522 406 labem
555 365 742 418 concepit
775 368 815 403 et
846 362 1148 416 interpretatio.
1205 359 1362 401 Verum
1393 364 1456 402 est
1486 361 1717 410 ἀλεαίνοιμι
1752 364 1794 402 et

214 436 506 486 θερμαινοίμην.
570 433 869 487 Aristophanes
901 432 1046 472 Eccles.
1086 429 1186 471 540.

544 502 668 545 ἔπειθ’
703 502 749 544 ἵν’
782 502 1011 550 ἀλεαίνοιμι
1045 503 1156 542 τοῦτ’
1192 500 1483 552 ἠμπεσχόμην.

272 575 541 632 Phrynichus
571 575 616 615 in
647 573 832 614 Bekkeri
864 573 1012 613 Aneed.
1047 585 1087 626 p.
1119 571 1186 612 14.
1216 571 1288 613 24.
1322 572 1671 620 Ἀλεαίνοιμι
1702 572 1793 613 ἀντὶ

213 651 280 688 τοῦ
325 644 704 692 ἀλεαινοίμην.
748 642 999 693 ἐνεργητικὸν
1032 641 1123 682 ἀντὶ
1158 642 1393 689 παθητικοῦ.
1458 641 1705 683 Ridiculum
1733 646 1795 684 est

211 717 407 768 „activum
433 730 506 769 pro
535 713 730 767 passivo?
779 712 921 755 Multo
954 711 1108 753 melius
1140 711 1286 753 Aelius
1317 711 1547 768 Dionysius
1579 713 1622 753 in
1655 712 1791 754 Bekk.

212 789 357 830 Anecd.
401 800 494 842 pag.
545 784 644 826 381.
688 783 755 825 24.
801 784 1107 824 Ἀλεαίνειν
1150 782 1428 832 θερμαίνεσθαι
1476 782 1568 834 οὐχ)
1611 783 1796 824 ἀλεαί-

212 861 418 904 νεσθαι,
466 860 507 898 et
549 856 720 910 apponit
764 853 944 896 eundem
991 852 1283 907 Aristophanis
1329 853 1604 895 versiculum.
1669 854 1793 909 Apud

211 930 485 974 Athenienses
520 930 681 967 veteres
720 923 924 966 ἀλεαίνειν
962 926 1051 964 erat
1088 923 1349 977 concalefieri.
1408 923 1636 965 Menander
1671 922 1790 965 Tom.

210 1001 280 1043 IV.
315 1013 412 1055 pag.
445 996 545 1038 286.
579 998 624 1038 in
655 995 863 1038 Meinekii
895 994 941 1036 F.
977 992 1024 1036 C.

541 1067 601 1115 ἡδὶ
635 1068 668 1109 δ’
701 1066 883 1108 ἀλεαίνει
917 1064 1011 1116 πρὸς
1042 1063 1086 1104 τὸ
1121 1067 1198 1115 πῦρ
1229 1063 1450 1114 καθημένη.

271 1142 491 1197 Sequiores
538 1138 726 1180 activum
774 1150 860 1178 esse
906 1135 1112 1191 putabant
1160 1138 1202 1176 et
1245 1135 1359 1177 idem
1402 1135 1513 1190 quod
1555 1134 1790 1185 θερμαίνειν.

209 1215 356 1269 Itaque
387 1210 647 1253 ἀλεαίνεσθαι
680 1207 873 1249 dicebant
904 1207 1054 1248 vitiose
1088 1204 1335 1247 admodum.

272 1285 470 1326 Imitatus
513 1283 576 1322 est
620 1280 859 1320 Atticorum
907 1276 1072 1318 dicendi
1121 1276 1466 1317 consuetudinem
1514 1277 1653 1318 nescio
1702 1278 1795 1332 quis

212 1354 323 1410 apud
363 1352 541 1394 Suidam
572 1365 613 1392 v.
653 1348 1030 1390 Ἀλεαίνωσιν;
1062 1371 1116 1377 —-
1138 1349 1244 1397 ,,πῦρ
1279 1347 1509 1388 ἀνέκαυσαν
1540 1344 1644 1393 ὅπως
1680 1348 1797 1400 αὐτοί

210 1441 256 1467 τε
299 1423 518 1465 ἀλεαίνωσι
560 1420 628 1462 καὶ
671 1424 751 1465 τοῖς
797 1418 1010 1468 Ῥωμαίοις
1056 1418 1166 1458 κατά
1208 1415 1346 1468 χώραν
1391 1418 1522 1467 μένειν
1559 1417 1681 1468 δόξαν
1715 1434 1794 1460 πα-

216 1492 461 1549 ράσχωσιν.”
1167 1490 1171 1493 ’

272 1635 424 1678 Suidas
469 1647 511 1675 v.
563 1630 795 1676 Ἀλιεύςτ
826 1629 969 1670 -καὶ
1016 1628 1234 1678 παροιμία·
1288 1627 1431 1674 ἀλιεὺς
1482 1629 1658 1679 πληγεὶς
1709 1634 1795 1673 γοῦν

216 1712 369 1751 Olea.
414 1703 664 1746 mendosum
706 1699 795 1741 οἴσω
844 1703 993 1741 natum
1043 1702 1104 1740 est
1152 1713 1202 1740 ex
1251 1703 1320 1739 ΦΥ
1326 1714 1395 1740 σω.
1458 1698 1597 1742 Iocose
1641 1701 1796 1743 dicitur

214 1782 300 1821 νοῦν
331 1779 464 1828 φῦσαι
496 1786 570 1828 pro
602 1770 794 1824 φρόνιμον
829 1769 1032 1819 γενέσθαι.

275 1916 425 1959 Suidas
463 1928 501 1956 v.
544 1908 948 1959 Ἀληλεσμένον.
1016 1908 1276 1956 Θουκυδίδης.
1311 1907 1450 1959 „ora-0¹21
1481 1925 1526 1950 τε
1570 1910 1798 1958 ἀληλεσ-

217 1988 371 2039 μένον
403 1985 470 2026 τὸν
502 1980 747 2033 βουλόμενον
776 1981 963 2032 ἀργυρίου
997 1983 1150 2021 πολλοῦ
1178 1979 1445 2027 ὦνησασθαι.”
1474 1983 1516 2022 et
1547 1982 1796 2030 Ἀληλεσ-

219 2060 373 2109 μένος
417 2055 530 2105 βίος
573 2051 637 2093 ἐπὶ
671 2056 746 2093 τῶν
780 2052 818 2092 ἐν
851 2051 1026 2104 ἀφθονία
1058 2055 1134 2091 τῶν
1169 2051 1400 2099 ἐπιτηδείων
1433 2050 1566 2092 ὄντων.
1631 2051 1797 2110 Thucy-

216 2129 332 2171 dides
363 2139 497 2180 neque
530 2123 753 2171 ὠνήσασθαι
787 2122 923 2164 dicere
954 2121 1093 2176 potuit
1123 2135 1257 2176 neque
1291 2121 1581 2170 ἀληλεσμένον.
1645 2123 1798 2165 Editur

215 2199 325 2254 apud
368 2194 660 2251 Thucydidem
703 2192 771 2234 IV.
817 2192 888 2234 26.
936 2193 968 2233 οἱ
1011 2192 1322 2240 Λακεδαιμόνιοι
1360 2192 1614 2242 προειπόντες
1650 2194 1688 2239 ἐς
1721 2195 1796 2241 την

218 2276 330 2318 νῆσον
373 2266 540 2316 ε’σοὶγειν
583 2263 692 2304 σῖτόν
736 2279 782 2304 τε
824 2264 891 2304 τὸν
928 2263 1172 2312 βουλόμενον
1215 2262 1552 2312 ἀληλεμένον
1596 2265 1663 2304 καὶ
1698 2262 1795 2306 οἶνον

219 2338 495 2386 -ταξαντες
538 2335 725 2386 ἀργυρίου
771 2336 924 2375 πολλοῦ
970 2334 1037 2374 καὶ
1087 2337 1162 2374 τῶν
1211 2333 1400 2374 Εἱλώτων
1442 2335 1496 2384 τῷ
1541 2334 1795 2385 ἕσαγαγόντι

219 2409 440 2459 ἐλευθερίαν
475 2404 800 2456 ὑπισχνούμενοι.
855 2403 980 2445 Ratio
1012 2408 1053 2445 et
1085 2418 1186 2445 usus
1220 2404 1368 2446 docent
1400 2405 1590 2452 ἀλήλεκα
1623 2408 1665 2446 et
1696 2407 1796 2455 ἀλή-

217 2491 341 2530 λεμαι
380 2475 630 2524 ἀληλεμένος
662 2475 745 2515 dici
772 2478 982 2529 oportere,
1016 2479 1065 2516 ut
1098 2475 1310 2528 ε’λήλακα,
1347 2475 1557 2523 ἐλήλαμαι
1591 2475 1795 2525 ἐληλαμέ·

217 2567 303 2599 νος,
349 2548 421 2590 sed
461 2545 653 2589 Graeculi
695 2559 819 2585 suum
851 2546 1129 2592 ἀληλεσμένος
1164 2545 1247 2586 fere
1281 2545 1438 2600 ubique
1471 2546 1795 2588 substituerunt.

218 2620 341 2676 Apud
385 2616 679 2672 Thucydidem
711 2618 834 2670 pauci
865 2615 963 2656 libri
995 2615 1190 2657 meliores
1222 2629 1373 2657 verum
1406 2620 1651 2671 servarunt,
1685 2616 1797 2671 apud

216 2689 479 2733 Herodotum
511 2685 597 2727 VII.
635 2685 706 2728 24.
741 2686 1005 2726 consentiunt
1031 2699 1176 2727 omnes
1203 2687 1247 2726 in
1274 2687 1473 2728 mendosa
1498 2686 1654 2728 forma:
1685 2692 1794 2733 σῖτος

218 2761 260 2803 δέ
301 2763 376 2811 σφι
418 2757 567 2802 πολλὸς
610 2757 828 2808 ἐφοίτα-
851 2756 1149 2803 ἀληλεΟμένος.
1215 2755 1263 2796 In
1301 2756 1538 2812 fragmento
1572 2756 1797 2811 Amphidis

219 2830 330 2887 apud
358 2828 622 2870 Athenaeum
647 2841 742 2883 pag.
776 2825 860 2866 642
879 2841 915 2866 a.
945 2827 988 2866 in
1016 2827 1138 2867 unico
1167 2825 1318 2868 Codice
1349 2826 1562 2868 Marciano
1591 2828 1795 2881 scriptum

220 2905 301 2945 est:
346 2899 415 2948 ἤδη
461 2897 552 2940 ποτ’
592 2898 771 2947 ἤκουσασ
804 2896 892 2948 βίον
923 2905 1172 2945 αληλεμενον
1207 2897 1249 2937 αἱ
1283 2899 1487 2938 τοῦτεκειν
1519 2898 1600 2943 ἐςιν
1635 2900 1792 2949 σαφῶς.
