1946 3298
932 178 1017 221 422

185 317 271 357 νοῦν
313 309 473 364 ἔχουσιν
515 306 631 351 ἄλλα
671 305 812 348 πάντα
855 305 1103 359 προσδοκᾶν,
1148 300 1197 344 ὧν
1240 305 1297 353 μη
1331 300 1608 356 τυγχάνουσιν
1646 298 1759 346 αὐτοὶ

191 384 311 436 κύριοι
343 381 465 428 ὄντες.
528 378 712 421 Profecit
742 391 793 419 ex
821 377 888 418 his
920 374 1165 430 Euripides,
1199 375 1319 416 cuius
1350 374 1578 417 versiculos
1612 374 1763 416 Latine

190 456 320 498 vertit
361 451 506 495 Cicero
545 452 590 492 in
633 449 742 490 Tusa.
791 450 964 498 Quaem.
1009 443 1083 487 III.
1126 445 1149 499 ξ
1190 443 1258 486 29.
1323 443 1520 500 Repetita
1563 445 1766 501 leguntur

193 525 338 567 eadem
380 524 403 578 ᾖ
443 520 543 564 224.
578 533 675 562 cum
709 533 794 574 sqq.
828 531 960 572 usque
993 515 1045 558 ad
1077 514 1354 556 καταπέττειν
1387 531 1432 557 τε
1465 514 1533 557 καὶ
1568 514 1766 567 ἰατρεύειν

191 595 237 638 τὸ
270 595 417 642 πάθος,
450 592 561 634 unde
592 593 763 646 apparet
792 588 869 630 illa
903 588 1123 630 coniuncta
1153 585 1258 628 olim
1288 586 1433 629 fuisse.

251 734 534 791 Agnoscimus
564 731 864 774 Aristoxenum
895 728 939 769 in
967 728 990 782 ξ
1020 724 1119 768 197.
1147 727 1336 781 primum
1362 739 1412 767 ex
1440 738 1487 767 eo
1513 724 1623 780 quod
1648 726 1769 767 vetus

194 804 449 850 vocabulum
478 804 611 859 ipsius
641 800 911 857 Pythagorae
942 800 1268 840 commemorat:
1303 795 1473 838 ἐκάλουν
1507 795 1546 838 δὲ
1575 795 1619 836 τὸ
1647 795 1770 836 νουθε-

195 883 280 920 τεῖν
321 874 618 927 πεδαρτᾶν,
659 868 1016 927 quemadmodum
1047 867 1161 910 idem
1193 867 1303 908 infra
1335 866 1453 908 docet
1484 866 1560 913 τας
1594 863 1771 913 νουθετή-

196 963 277 993 σεις
334 961 356 988 a
403 942 684 1001 Pythagoreis
731 938 1001 992 πεδαρτάσεις
1052 937 1282 994 appellatas
1327 937 1478 987 fuisse,
1528 935 1676 978 deinde
1721 948 1771 977 ex

194 1019 408 1061 mentione
450 1014 690 1070 Spinthari:
732 1012 951 1062 Σπίνθαρος
985 1012 1081 1060 γοῦν
1113 1008 1292 1058 διηγεῖτο
1325 1007 1526 1053 πολλάκις
1561 1006 1646 1058 περὶ
1680 1007 1773 1057 Ἀρ-

194 1090 350 1142 χύτου,
392 1089 441 1128 ut
483 1083 589 1127 solet
629 1083 904 1125 Aristoxenus
947 1081 1112 1135 saepius
1144 1093 1194 1121 ex
1224 1082 1341 1134 patre
1375 1078 1597 1133 Spintharo
1631 1077 1775 1119 audita

194 1159 368 1204 referre,
401 1160 450 1197 ut
481 1157 526 1196 in
558 1154 796 1209 fragmento
829 1151 940 1206 apud
973 1148 1187 1206 Cyrilium
1217 1148 1360 1204 (Mun.
1390 1149 1546 1201 Fraqm.
1575 1148 1682 1190 Hist.
1712 1147 1771 1189 II.

194 1244 294 1286 pag.
340 1225 464 1281 280.)
495 1223 611 1275 λέγει
643 1223 683 1264 δὲ
717 1222 733 1263 ὁ
768 1219 1012 1274 Ἀριςόξενος
1045 1218 1336 1273 ἀφηγούμενος
1369 1219 1435 1260 τὸν
1467 1219 1555 1269 βίον
1586 1221 1656 1260 τοῦ
1690 1225 1774 1260 Σω-

198 1299 367 1353 κράτους
414 1293 627 1344 ἀκηκοέναι
671 1291 895 1344 Σπινθάρου
915 1288 1048 1332 -ἶίτι
1093 1291 1135 1333 ού
1168 1295 1334 1336 πολλοῖς
1367 1289 1491 1336 αὐτός
1524 1305 1576 1340 γε
1609 1289 1774 1330 πιθανω-

198 1370 321 1423 τέροις
364 1363 643 1418 ἕντετυχηκως
687 1362 760 1411 ε’ί.η
807 1366 848 1405 et
892 1362 1003 1417 apud
1045 1360 1326 1403 Plutarchum
1367 1361 1414 1401 de
1451 1360 1565 1413 yenio
1608 1359 1777 1400 Socratis

196 1455 293 1498 pag.
343 1437 475 1480 592f.
519 1435 739 1487 Σπίνθαρος
774 1434 790 1474 ὂ
824 1438 1075 1485 Ταραντῖνος
1108 1432 1177 1474 οὐκ
1209 1431 1346 1482 ὀλίγον
1378 1431 1488 1482 αὐτῷ
1517 1430 1776 1484 (Epaminon-

199 1511 288 1568 dae)
335 1507 623 1559 συνδιατρίψας
670 1504 807 1557 χρόνον
827 1502 1014 1554 -λέγει
1044 1502 1185 1553 μηδενί
1217 1518 1272 1550 πη
1305 1506 1381 1544 τῶν
1414 1502 1505 1543 καθ’
1539 1500 1679 1543 ἑαυτὸν
1711 1501 1777 1542 άν-

198 1581 354 1635 θρώπων
398 1575 710 1629 ἐντετυχηκέναι
755 1575 860 1625 μήτε
906 1574 1072 1615 πλείονα
1117 1571 1381 1623 γιγνώσκοντι
1429 1571 1529 1621 μήτ’
1575 1571 1775 1613 ἐλάττονα

197 1649 493 1707 φθεγγομένῳ,
540 1661 644 1703 quae
687 1660 738 1688 ex
778 1645 1016 1687 Aristoxeni
1057 1643 1165 1685 libro
1198 1645 1339 1684 sumta
1371 1645 1480 1683 sunt.
1545 1641 1612 1684 Sic
1647 1642 1777 1684 etiam

195 1737 305 1766 nunc
338 1735 385 1763 ea
415 1722 556 1761 narrat
589 1730 693 1772 quae
727 1730 777 1758 ex
803 1716 957 1757 crebris
983 1728 1081 1756 cum
1109 1717 1226 1769 patre
1254 1713 1515 1755 sermonibus
1543 1715 1774 1768 acceperat:

200 1792 421 1843 Σπίνθαρος
465 1789 643 1839 διηγεῖτο
687 1785 911 1836 πολλάκις,
957 1789 1004 1827 ut
1044 1785 1159 1827 idem
1203 1785 1475 1827 Aristoxenus
1518 1783 1629 1839 apud
1669 1783 1779 1826 Iam-

199 1864 324 1908 bhch.
371 1859 525 1916 §233
570 1855 1068 1904 Διονύσιος-πολλάκις
1113 1856 1210 1906 ἡμῖν
1253 1854 1429 1906 διηγεῖτο
1474 1855 1531 1896 τα
1572 1854 1658 1906 περὶ
1703 1857 1779 1896 τῶν

202 1935 313 1977 κατα
349 1932 512 1975 Φιντίαν
545 1947 590 1972 τε
623 1929 689 1971 καὶ
724 1927 925 1978 Δάμωνα.

262 2005 328 2048 Ab
361 2002 506 2045 eodem
542 2004 710 2056 accepta
741 2002 882 2041 narrat
912 1998 1187 2040 Aristoxenus
1217 1997 1262 2038 in
1297 1995 1394 2038 198.
1437 1996 1555 2049 Ἔφη
1590 1994 1629 2036 δὲ
1656 1995 1783 2051 (Spin-

202 2076 356 2130 tharus)
402 2072 596 2123 λέγεσθαι
646 2070 714 2112 καὶ
762 2070 848 2120 περὶ
893 2068 1073 2110 Κλεινίου
1121 2066 1294 2109 τοιαῦτά
1337 2082 1428 2108 τινα
1474 2066 1558 2108 κτὲ.
1622 2066 1782 2108 Deinde

202 2147 402 2202 apparent
442 2143 570 2187 verba
611 2141 852 2183 Aristoxeni
894 2139 1063 2181 aliunde
1101 2141 1222 2180 nota:
1258 2137 1395 2180 οἴκτων
1430 2137 1470 2179 δὲ
1504 2136 1572 2178 καὶ
1606 2135 1782 2189 δακρύων

203 2217 271 2259 καὶ
306 2215 467 2258 πάντων
498 2218 573 2255 τῶν
604 2211 789 2254 τοιούτων
820 2209 1023 2261 εἴργεσθαι
1057 2209 1147 2256 τοὺς
1183 2207 1327 2261 ἄνδρας
1363 2208 1543 2256 ἐκείνους.

267 2287 381 2339 Quae
422 2285 619 2327 continuo
661 2284 892 2337 sequuntur
937 2280 986 2322 de
1025 2279 1139 2322 fideli
1181 2280 1548 2336 Pythagoreorum
1589 2281 1700 2321 inter
1739 2292 1782 2320 se

208 2358 397 2400 amicitia
437 2356 686 2400 Aristoxeno
723 2352 974 2408 dignissima
1006 2354 1126 2392 sunt:
1163 2351 1253 2393 οὔτε
1286 2351 1414 2402 κέρδος
1447 2349 1532 2392 οὔτ’
1566 2348 1782 2399 ἐπιθυμίαν

210 2427 292 2471 οὔτ’
337 2426 453 2478 ὀργὴν·
497 2423 587 2467 οὔτε
631 2423 873 2476 φιλοτιμίαν
916 2420 1002 2464 οὔτ’
1046 2421 1150 2464 ἄλλο
1193 2421 1299 2464 οὐδὲν
1331 2426 1407 2463 τῶν
1439 2421 1624 2463 τοιούτων
1657 2421 1783 2463 αἴτιον

210 2498 425 2551 γίγνεσθαι
472 2496 692 2548 διαφορᾶς,
727 2493 843 2535 ἄλλα
876 2492 1039 2538 πάντας
1070 2492 1161 2539 τοὺς
1192 2492 1483 2542 Πυθαγορείους
1517 2490 1638 2539 οὕτως
1672 2489 1783 2544 ἔχειν

213 2569 307 2621 πρὸς
341 2566 545 2614 ἀλλήλους
579 2566 628 2611 ὥς
663 2563 712 2605 ἂν
743 2564 877 2615 πατὴρ
911 2563 1125 2609 σπουδαῖος
1159 2562 1254 2614 πρὸς
1281 2562 1402 2604 τέκνα
1436 2562 1572 2614 σχοίη.

272 2639 386 2691 Quae
417 2638 570 2691 scripta
602 2639 699 2676 sunt
729 2636 773 2675 in
804 2635 826 2689 ξ
858 2634 959 2676 200.
993 2635 1162 2676 omnino
1188 2633 1373 2676 referunt
1399 2634 1596 2675 orationis
1626 2632 1786 2674 Aristo-

210 2721 364 2753 xeneae
393 2706 573 2749 formam
597 2708 638 2746 et
661 2704 864 2746 colorem:
891 2704 978 2755 περὶ
1006 2704 1046 2746 δὲ
1072 2703 1187 2753 δόξης
1216 2703 1316 2745 τάδε
1343 2704 1447 2755 φασὶ
1478 2703 1615 2753 λέγειν
1641 2703 1784 2759 αὐτόν,

213 2784 274 2837 (in
300 2778 451 2834 quibus
474 2775 596 2819 facile
618 2776 884 2831 agnoscimus
907 2775 1177 2831 Pythagorae
1202 2775 1422 2831 ingenium
1447 2775 1490 2814 in
1508 2774 1623 2815 omni
1639 2787 1682 2816 re
1698 2787 1786 2816 mo-

213 2852 315 2893 dum
338 2846 557 2902 servantis)
583 2845 747 2894 άνόητον
771 2845 844 2895 μὲν
870 2843 969 2886 εἶναι
994 2844 1038 2886 τὸ
1062 2844 1174 2899 πάση
1191 2844 1260 2886 καὶ
1279 2843 1429 2890 παντὸς
1448 2841 1540 2896 δόξη
1557 2842 1783 2897 προσέχειν.

214 2945 267 2978 3-
286 2918 450 2970 άνόητον
476 2917 506 2961 δ’
534 2914 634 2960 εἶναι
659 2915 727 2958 καὶ
756 2915 891 2965 πάσης
919 2915 1159 2969 ὑπολήψεως
1185 2932 1230 2957 τε
1257 2914 1324 2956 καὶ
1353 2912 1467 2965 δόξης
1497 2917 1783 2969 καταφρονεῖν.
