1946 3298
955 190 1039 231 436

214 323 342 358 ruisse
381 317 608 358 memoriae
645 313 932 369 prodiderunt.
998 313 1136 355 Iocose
1170 310 1313 355 Cicero
1348 313 1457 354 Tusc.
1496 312 1666 366 Quaestt.
1711 311 1785 356 III.

220 386 288 427 12,
323 385 393 429 2¹7.
425 385 642 441 Dionysius
672 389 862 439 tyrannus
894 381 1095 436 Syracusis
1126 382 1309 435 eoepzclsus
1345 381 1519 423 Corbntkz'
1545 395 1694 437 pueros
1721 382 1789 424 do-

219 456 360 497 cebat:
405 471 522 510 usque
564 470 604 495 eo
647 454 806 510 imperio
848 466 980 492 carere
1020 466 1096 492 non
1129 456 1300 505 poterat.
1363 450 1550 493 Iustinus
1591 451 1711 494 XXI.
1749 450 1789 493 5.

221 526 482 582 (Dionysius)
526 524 730 566 novissime
761 522 1075 574 ludimaqz'strum
1096 522 1306 577 professus
1327 536 1473 575 pueros
1505 522 1548 562 in.
1576 522 1694 562 trivio
1726 522 1792 562 do-

219 597 348 649 cebat,
394 600 437 636 ut
479 599 545 636 aut
577 610 601 635 α
633 594 855 635 timentibus
896 607 1041 646 semper
1072 592 1116 632 in
1136 592 1298 646 publico
1329 591 1529 632 videretur
1561 596 1629 632 aut
1661 607 1684 631 α
1715 607 1792 632 non

217 665 440 706 timentibus
474 665 655 720 facilius
703 667 1022 705 contemneretur.
1087 661 1427 718 Ludimagistros
1473 662 1586 703 enim
1632 662 1677 702 in
1723 663 1794 704 Via

218 735 387 791 pubh'ca
417 749 566 790 pueros
598 735 743 777 docere
776 738 816 775 et
847 732 1014 774 aliunde
1047 736 1088 774 et
1121 746 1171 774 ex
1202 731 1336 773 Dione
1365 729 1664 787 Chrysostomo
1692 732 1794 773 satis

219 811 368 849 notum
411 809 472 847 est
493 805 542 861 ¹).
604 805 718 846 Inter
758 817 847 852 eOS,
893 804 966 858 qui
1001 802 1257 858 Dionysium
1290 799 1481 843 Corinthi
1514 806 1795 843 convenerunt

223 880 285 918 est
315 875 540 931 Philippus
570 875 768 924 Macedo,
804 874 853 915 de
885 887 966 928 qua
998 887 1041 915 re
1072 872 1327 914 Plutarchus
1359 873 1403 913 in
1437 872 1668 913 Timoleonte
1703 886 1792 928 cap.

220 946 310 989 XV.
379 946 583 988 Φιλίππου
628 946 668 986 δὲ
708 947 777 986 τοῦ
822 943 1052 988 Μακεδόνος
1097 943 1212 994 παρὰ
1255 942 1375 983 πότον
1419 942 1509 983 τινα
1541 941 1662 992 λόγον
1695 941 1791 991 μετ’

222 1016 417 1069 εἰρωνείας
463 1015 719 1066 ἐμβαλόντος
763 1015 848 1066 περὶ
893 1017 969 1055 τῶν
1012 1017 1145 1064 μελῶν
1189 1013 1256 1054 καὶ
1295 1015 1372 1054 τῶν
1404 1013 1659 1064 τραγῳδιῶν,
1692 1009 1793 1060 ἃςό

222 1086 491 1139 πρεσβύτερος
537 1087 738 1131 Διονύσιος
786 1085 1009 1134 κατέλιπε,
1044 1084 1113 1125 καὶ
1150 1082 1486 1134 προσποιουμένου
1520 1083 1721 1134 διαπορεῖν
1755 1084 1794 1124 ἐν

221 1157 297 1199 τίνι
330 1156 456 1208 χρόνῳ
488 1160 628 1198 ταῦτα
661 1161 784 1198 ποιεῖν
818 1156 960 1199 ἐκεῖνος
994 1152 1241 1205 ἐσχόλαζεν,
1287 1155 1328 1195 οὐ
1359 1154 1530 1204 Φαύλως
1563 1154 1794 1202 ἀπήντησεν

224 1228 241 1269 ὂ
276 1227 478 1273 Διονύσιος
514 1227 655 1268 εἰπών·
702 1227 739 1267 ἐν
774 1223 799 1279 ᾧ
833 1226 881 1267 σὺ
917 1226 1032 1275 κάγὼ
1067 1226 1133 1266 καὶ
1167 1224 1319 1270 πάντες
1354 1225 1385 1266 οἱ
1418 1224 1607 1276 μακάριοι
1641 1224 1797 1265 δοκοῦν-

223 1314 290 1345 τες
319 1295 418 1339 εἶναι
448 1297 535 1348 περὶ
565 1297 722 1338 κοί-θωνα
751 1296 1018 1347 διετρίβομεν.
1070 1295 1296 1350 Philippus
1324 1292 1574 1336 Corinthum
1601 1296 1719 1337 venit
1745 1294 1797 1336 ad

223 1382 446 1411 commune
490 1365 690 1410 Graeciae
728 1366 953 1409 concilium
995 1379 1078 1407 uno
1111 1379 1216 1407 anno
1248 1368 1341 1420 post
1375 1362 1658 1407 Chaeroneam
1691 1378 1797 1407 anno

226 1437 334 1493 337,
377 1442 427 1480 ut
461 1438 579 1479 docet
610 1437 819 1479 Diodorus
851 1436 1019 1478 Siculus
1050 1435 1161 1477 XVI.
1198 1434 1268 1477 89.
1304 1436 1342 1476 ἐν
1373 1436 1536 1486 Κορίνθῳ
1569 1438 1638 1476 τοῦ
1671 1437 1796 1476 κοινοῦ

222 1509 417 1560 συνεδρίου
454 1507 721 1560 συναχθέντος
759 1508 792 1563 (5
829 1508 1049 1557 Φίλιππος)
1081 1498 1314 1559 διαλεχθεὶς
1347 1505 1434 1553 περὶ
1470 1508 1540 1547 τοῦ
1573 1506 1667 1557 πρὸς
1701 1504 1799 1556 Πέρ-

223 1596 300 1626 σας
345 1579 524 1630 πολέμου
568 1603 621 1609 —-
663 1577 940 1629 προετρέψατο
984 1576 1076 1622 τοὺς
1118 1576 1319 1627 συνέδρους
1363 1577 1417 1622 εἷς
1458 1576 1660 1631 πόλεμον,
1692 1581 1798 1617 sea'to

224 1664 328 1692 anno
361 1664 411 1692 ex
443 1663 524 1705 quo
555 1648 782 1705 Dionysius
811 1647 1003 1690 Corinthi
1031 1647 1227 1689 exulabat
1256 1645 1543 1702 (343—337).

281 1722 556 1763 Aristoxenus
587 1721 690 1761 visit
722 1719 974 1761 Corinthum
1008 1722 1048 1760 et
1080 1717 1334 1774 Dionysium
1377 1722 1600 1772 antequam
1638 1718 1798 1760 Aristo-

221 1789 350 1833 telem
382 1790 558 1832 Athenis
591 1789 734 1831 audire
767 1790 922 1844 coepit,
959 1788 1003 1829 id
1037 1792 1099 1830 est
1126 1793 1221 1830 ante
1248 1801 1405 1830 annum
1431 1786 1539 1834 334,
1572 1789 1641 1829 cui
1667 1801 1797 1842 quum

221 1875 263 1903 se
300 1874 589 1903 successurum
631 1860 878 1909 crediderit,
925 1873 976 1900 ex
1017 1872 1063 1901 eo
1105 1858 1279 1915 colligas
1313 1873 1409 1900 cum
1440 1857 1667 1900 Aristotele
1700 1871 1798 1899 eum

221 1931 349 1973 fuisse
395 1931 521 1973 donec
563 1932 599 1972 is
643 1934 737 1985 post
780 1943 907 1972 annos
947 1929 1031 1971 XII
1075 1943 1126 1971 an
1168 1928 1274 1971 XIII
1317 1931 1484 1971 cesserit
1518 1928 1718 1976 Athenis,
1752 1941 1799 1969 ac

220 2003 444 2057 praeterito
475 2003 724 2043 Aristoxeno
757 2000 922 2042 scholae
955 2000 1200 2055 praefecerit
1233 1998 1585 2054 Theophrastum.

282 2071 420 2113 Simul
461 2072 559 2113 hinc
602 2070 853 2113 convellitur
895 2068 940 2113 C.
980 2069 1157 2111 Mulleri
1201 2070 1437 2111 coniectura
1482 2068 1544 2125 (in
1573 2068 1619 2111 F.
1652 2068 1706 2110 H.
1742 2068 1796 2110 II.

219 2156 320 2199 pag.
354 2141 459 2197 270)
490 2143 740 2197 suspicantis
774 2141 1075 2190 „Aristoxenum
1108 2139 1231 2181 XXV
1263 2155 1385 2181 annos
1417 2145 1551 2180 natum
1583 2140 1626 2180 in
1649 2141 1798 2180 Aristo-

222 2214 311 2254 telis
342 2213 589 2267 disciplinam
624 2211 792 2252 venisse”
823 2225 1005 2266 namque
1038 2212 1096 2252 sic
1129 2211 1350 2251 adolescens
1375 2211 1578 2251 admodum
1605 2209 1799 2266 Dionysii

221 2283 511 2324 familiaritate
542 2296 643 2323 usus
675 2282 914 2330 videbitur,
949 2280 1059 2335 quod
1091 2281 1269 2322 minime
1301 2295 1396 2322 cum
1428 2282 1488 2322 rei
1521 2285 1671 2322 natura
1705 2294 1798 2323 con-

221 2354 350 2408 gruit.
384 2352 617 2394 Audiverat
649 2353 833 2406 primum
865 2356 1027 2406 patrem
1059 2349 1358 2403 Spintharum‚
1397 2351 1545 2392 deinde
1566 2350 1796 2405 Lamprum

220 2422 287 2462 τὸν
319 2423 566 2472 Ἐρυθραῖον,
599 2426 691 2463 tum
722 2421 1010 2476 Xenophilum
1043 2421 1387 2478 Pythagoreum,
1419 2422 1602 2462 musicos
1629 2434 1794 2470 omnes,

223 2491 291 2532 καὶ
336 2497 528 2533 ΤΕΛΟΟ
568 2491 818 2543 ’Λριςοτέ).η.
871 2491 1039 2548 (Suidas
1072 2505 1111 2532 v.
1144 2489 1421 2547 Ἀριςόξενος).
1485 2490 1632 2545 Itaque
1663 2494 1797 2532 aetate-

220 2563 412 2602 maturus
445 2562 531 2603 iam
564 2566 605 2603 et
639 2562 825 2604 doctrina
857 2561 993 2603 clarus
1024 2561 1278 2617 Dionysium
1312 2562 1520 2604 convenit.

263 2832 295 2872 i)
319 2831 418 2861 Locus
443 2828 553 2859 Dionis
576 2827 692 2868 legitur
715 2828 748 2858 in
773 2828 862 2858 Orat.
896 2828 961 2858 XX.
993 2839 1061 2869 pag.
1086 2828 1161 2858 492.
1188 2824 1292 2859 Reisk.
1320 2827 1350 2857 οἱ
1381 2829 1444 2858 τῶν
1478 2825 1681 2866 γραμμάτων
1707 2824 1792 2858 διδά-

215 2886 328 2911 σκαλοι
355 2877 441 2917 μετὰ
471 2880 534 2908 τῶν
565 2874 684 2907 παίδων
720 2874 758 2907 ἐν
789 2877 887 2911 ταῖς
921 2874 1028 2913 ὁδοῖς
1062 2875 1274 2913 κάθηνται
1307 2875 1362 2907 καὶ
1397 2874 1483 2907 οὐδὲν
1508 2874 1616 2913 αὐτοῖς
1651 2873 1793 2915 ἐμποδών

214 2927 279 2968 ἒςιν
305 2926 335 2959 ἓν
363 2924 506 2967 τοσούτῳ
534 2925 645 2964 πλήθει
671 2927 731 2956 τοῦ
758 2923 914 2956 διδάσκειν
941 2936 978 2956 τε
1007 2925 1060 2956 καὶ
1085 2925 1256 2964 μανθάνειν.
