1946 3298
927 184 982 230 ¹76

166 313 287 358 πλέον
330 312 436 356 οὐδὲν
483 311 526 362 ἦν
566 311 759 355 ἁπάντων
792 311 1082 359 'emmam-cuv.
1119 309 1239 365 quia,
1273 312 1322 352 ut
1353 309 1587 367 Aeschylus
1620 310 1738 353 docet

165 385 277 441 apud
303 383 627 439 Aristophanem
658 385 702 425 in
734 383 864 424 Ram
898 381 1024 424 1163.

403 453 593 496 ‘'HKGIN
626 454 698 504 μὲν
733 454 770 500 ἐς
806 457 882 504 γῆν
915 453 993 494 ἔσθ’
1028 449 1102 503 ὅτῳ
1137 456 1241 503 μετῇ
1276 450 1460 504 πάτρας,

405 525 528 578 χωρὶς
561 524 643 576 γαρ
675 523 807 572 ἄλλης
840 524 1054 575 συμφορᾶς
1089 521 1302 571 ἐλήλυθεν,

406 596 573 649 φεύγων
606 594 643 636 δ’
678 595 772 645 ἀνὴρ
807 594 889 644 ἥκει
921 610 966 634 τε
1001 592 1069 634 καὶ
1104 592 1411 643 ΚΑΤέρχεται,

225 667 326 716 Dio,
362 669 411 707 ut
443 680 585 708 omnes
618 663 767 707 Graeci
799 665 842 705 in
874 677 920 705 ea
951 677 1018 717 re,
1052 661 1417 711 ΚΑΤεληλυθότων
1449 664 1627 718 scripsit.

224 740 410 780 Ἀνεῖπεν
452 737 561 792 apud
602 735 780 777 Dionem
822 738 863 776 et
903 736 1112 788 sequiores
1154 747 1298 775 omnes
1339 733 1388 774 de
1430 733 1624 788 Apolline
1667 737 1741 776 aut

165 810 324 866 Pythia
368 810 556 864 ponitur:
605 805 774 848 Veteres
820 808 1054 847 constanter
1101 804 1243 844 ἀνεῖπε
1286 804 1333 844 de
1366 819 1560 857 praecone
1600 808 1642 846 et
1691 805 1741 847 de

167 879 362 936 Apolline
394 880 530 921 ἀνεῖλε
564 878 769 920 dicebant.

228 1019 333 1075 Pag.
377 1017 478 1059 625.
521 1016 578 1066 μὴ
624 1015 705 1067 γὰρ
748 1014 872 1056 οἴεσθε
909 1013 1130 1063 Ῥωμαίους
1166 1011 1286 1059 οὕτως
1329 1010 1429 1055 εἶναι
1475 1015 1638 1060 σκαιοὺς
1673 1015 1740 1056 καὶ

167 1090 340 1139 ἀμαθεῖς
373 1087 446 1131 ὥςε
481 1087 634 1137 μηδένα
667 1087 863 1136 αἱρεῖσθαι
897 1090 973 1126 τῶν
1006 1085 1077 1136 ὑφ’
1102 1085 1240 1130 αὐτοῖς
1269 1084 1481 1136 ἐλευθέριον
1507 1083 1608 1126 εἶναι
1638 1086 1741 1135 μηδὲ

169 1165 363 1202 ΚΑΛΟΝ
412 1158 528 1199 ἄλλα
574 1156 792 1207 βούλεσθαι
841 1158 1002 1204 μᾶλλον
1049 1154 1306 1205 ἀνδραπόδων
1354 1162 1530 1205 κρατεῖν.
1611 1155 1742 1209 Dabis

165 1230 297 1284 mihi,
341 1230 508 1284 opinor,
550 1226 674 1268 καλόν
716 1240 740 1268 a
775 1225 858 1268 loci
889 1227 1094 1267 sententia
1123 1239 1292 1280 prorsus
1323 1225 1555 1268 abhorrere.
1621 1226 1741 1278 Quod

167 1302 369 1343 amissum
410 1303 471 1341 est
515 1302 609 1340 ante
651 1297 776 1353 pedes
820 1310 907 1338 esse
940 1297 1135 1346 arbitror,
1172 1309 1323 1351 nempe
1357 1297 1458 1347 μηδὲ
1492 1299 1616 1340 καλὸν
1648 1304 1740 1340 ΚΑ-

168 1375 378 1413 ΓΑΘΟΝ.

225 1510 327 1552 Post
368 1522 499 1565 pauca
540 1508 697 1550 editur:
744 1506 857 1556 ὑμεῖς
899 1506 938 1548 δέ
968 1532 1021 1538 -
1045 1505 1095 1549 ἂν
1127 1505 1195 1549 ἕνα
1228 1507 1319 1549 τινα
1352 1506 1409 1557 μὴ
1441 1507 1591 1556 ςήσητε
1623 1515 1739 1560 χαλ-

165 1584 257 1623 κοῦν
300 1583 371 1628 τὴν
414 1579 639 1628 ἐλευθερίαν
683 1578 807 1619 οἴεσθε
844 1578 1148 1628 οξποβοὲΛΛειν.
1182 1577 1400 1619 libertatem
1431 1593 1496 1619 vos
1525 1589 1740 1620 AMITTERE

154 1652 323 1707 putatis.
386 1649 566 1693 Minime
608 1650 802 1706 gentium
844 1648 915 1690 sed
957 1660 1204 1691 AMISSUROS.
1269 1647 1413 1691 Scribe
1445 1663 1543 1706 ergo
1576 1648 1738 1698 οὶποβα-

164 1728 274 1765 Λεῖν.
338 1721 529 1763 Editores
570 1733 652 1761 non
693 1719 884 1762 audiunt.
948 1719 1172 1775 Emperius
1218 1722 1263 1761 in
1304 1724 1420 1762 nota:
1471 1752 1491 1770 ,‚
1505 1720 1737 1770 ἀποβαλεῖν

165 1791 342 1835 Selclen.'’
402 1792 547 1846 Neque
590 1792 678 1846 ipse
721 1792 877 1845 recepit
919 1804 1052 1845 neque
1096 1789 1284 1832 Dindorf.
1349 1790 1477 1832 Estne
1511 1791 1647 1847 igitur
1678 1803 1738 1832 sa·

164 1878 291 1913 num,
326 1877 515 1917 praesens
554 1872 633 1903 PRO
662 1861 838 1915 futuro,
883 1864 931 1902 ut
963 1860 1067 1902 olim
1099 1859 1396 1918 nugabantur?
1459 1862 1525 1903 An
1556 1861 1662 1903 forte
1695 1861 1739 1902 ob

153 1937 277 1990 fidem
306 1938 475 1975 veterum
506 1931 846 1973 membranarum?
891 1931 986 1973 Non
1017 1936 1114 1973 sunt
1145 1933 1415 1974 membranae
1441 1936 1531 1973 tam
1557 1934 1738 1982 veteres,

163 2008 207 2048 in
249 2006 400 2060 quibus
441 2016 523 2044 non
564 2007 1061 2044 MeAeI-MeAAeI
1108 2007 1149 2045 et
1181 2007 1738 2045 ΒΑΛΕΞΙΝ--ΒΑΛΛΕΙΝ

164 2076 314 2119 stolide
355 2076 509 2130 passim
550 2075 659 2114 inter
696 2087 738 2114 se
768 2074 1110 2128 permisceantur.
1174 2071 1259 2117 Gur
1288 2075 1424 2131 igitur
1455 2074 1572 2116 vitiis
1603 2074 1739 2115 mani-

164 2147 281 2190 festis
312 2147 445 2201 inepti
475 2141 714 2199 parcimus?

225 2287 329 2343 Pag.
378 2283 479 2327 626.
529 2283 572 2325 τὸ
621 2282 702 2335 γὰρ
751 2282 1018 2334 ἀγνοούμενον
1063 2282 1130 2326 καὶ
1187 2284 1282 2341 [μὴ]
1330 2284 1522 2326 δοκοῦντα
1569 2282 1736 2335 μηδενὸς

167 2358 276 2408 ἄξιον
307 2362 430 2398 ποιεῖν
465 2355 591 2396 ὁτιοῦν
625 2352 796 2396 ἔλαττον
830 2354 1013 2406 αἰσχρόν.
1076 2354 1293 2397 Sententia
1324 2354 1478 2397 clamat
1509 2355 1566 2405 μή
1593 2355 1739 2397 induci

166 2438 363 2486 oportere.
437 2431 566 2468 Ποιεῖν
615 2425 764 2475 ὁτιοῦν,
813 2428 861 2466 ut
907 2425 1018 2480 apud
1065 2425 1392 2468 Demosthenem
1439 2425 1565 2467 ὁτιοῦν
1613 2431 1739 2468 ποιεῖν

166 2501 235 2543 καὶ
280 2498 460 2550 πάσχειν
505 2495 554 2538 de
596 2496 718 2538 rebus
760 2495 997 2550 turpissimis
1040 2496 1208 2538 dicitur.
1280 2494 1426 2552 Itaque
1458 2496 1585 2538 minus
1615 2499 1738 2552 turpe

167 2585 254 2616 esse
297 2570 399 2611 dicit
438 2569 491 2609 iis
534 2582 625 2622 quos
665 2581 771 2608 nemo
816 2564 923 2607 novit
956 2570 996 2608 et
1028 2567 1094 2621 qui
1126 2567 1234 2621 apud
1263 2582 1388 2608 omnes
1418 2571 1738 2623 contemnuntur,

168 2643 320 2700 quibus
362 2639 531 2695 opponit
571 2637 757 2679 Rhodios
798 2637 888 2683 τοὺς
922 2635 1041 2684 οὕτως
1075 2637 1193 2686 ὄντας
1226 2638 1446 2689 ἐπισήμους
1478 2638 1546 2680 καὶ
1580 2639 1738 2690 θαυμα-

167 2712 350 2769 ζομένους
385 2709 498 2761 παρα
531 2710 668 2749 πᾶσιν.

223 2785 432 2826 ’Έλαττον
478 2778 587 2834 apud
632 2775 859 2820 Graeculos
902 2779 1070 2832 ponitur
1110 2780 1184 2821 ubi
1216 2777 1385 2821 Veteres
1418 2776 1534 2828 ἧττον
1565 2793 1739 2835 usurpa-

167 2859 289 2904 bant,
331 2857 379 2894 ut
420 2850 615 2895 ἐλάττους
659 2861 732 2903 pro
766 2847 918 2896 ἥττους.
984 2848 1166 2891 Miscent
1197 2852 1339 2891 autem
1370 2850 1415 2890 in
1447 2849 1602 2891 talibus
1634 2852 1740 2892 anti-

168 2941 249 2987 qua
281 2929 322 2969 et
354 2923 518 2967 novicia
548 2921 718 2976 passim.
784 2917 867 2972 Qui
901 2922 987 2961 tam
1019 2933 1140 2976 saepe
1171 2921 1334 2963 dixerat
1365 2919 1536 2963 ἔλαττον
1568 2920 1737 2975 αἰσχρόν
