1946 3298
938 118 1023 162 232

481 246 549 287 τὸν
580 243 736 292 ἄδικον,
772 245 888 286 ἄλλα
921 249 1024 294 σῖγα
1058 242 1125 284 καὶ
1159 243 1308 294 βραδεῖ
1336 244 1423 285 ποδὶ

483 315 681 366 ςείχουσα
714 313 869 366 μάρψει
903 314 994 361 τοὺς
1028 313 1173 360 κακοὺς
1203 311 1299 354 ὅταν
1331 313 1455 367 τύχῃ.

183 385 241 426 sic
283 388 394 427 recte
436 385 543 440 apud
586 384 865 426 Plutarchum
907 385 1127 426 scribitur:
1171 384 1282 438 apud
1323 383 1551 426 Stobaeum
1589 398 1662 439 pro
1692 384 1749 434 μὴ

181 454 319 508 τρέσῃς
361 455 520 512 legitur
559 454 723 497 πώποτε
764 455 939 497 absurde
983 468 1080 496 cum
1112 454 1253 496 futuro
1287 455 1425 496 παίσει
1457 457 1746 504 coniunctum,

182 528 223 566 et
263 539 337 581 pro
379 524 477 567 ὅταν
517 525 627 579 τύχῃ
669 526 942 567 substituitur
981 525 1043 566 ἀεὶ
1087 524 1238 576 βροτῶν
1282 525 1544 567 intolerabile
1583 528 1751 580 propter

180 599 255 636 τῶν
287 594 424 636 ἄλλων
453 595 605 646 βροτῶν
638 595 748 650 quod
778 595 1001 650 praecedit.
1049 593 1180 636 Satin'
1214 599 1377 637 certum
1410 599 1472 638 est
1505 596 1607 638 duas
1638 595 1750 638 lacu-

179 678 253 707 nas
284 679 308 707 a
339 664 544 709 Graeculo
576 679 650 707 suo
681 679 797 707 more
830 679 916 707 esse
948 663 1158 721 expletas?

239 805 461 860 Euripides
491 805 643 862 fragm,
680 804 780 848 993.

749 875 827 927 ἐγὼ
861 875 896 916 δ’
931 873 1024 925 ἐμός
1059 875 1155 924 εἶμι.

178 947 364 1002 suspicor
403 946 655 1003 legendum:
700 947 778 996 ἐγὼ
821 946 854 986 δ’
897 946 990 996 ἐμὸς
1028 948 1091 986 νῦν
1126 947 1208 994 εἰμι
1240 944 1365 1000 idque
1397 947 1447 988 ab
1482 960 1528 989 eo
1561 947 1646 989 dici
1677 948 1751 1003 qui

177 1017 381 1059 servitute
421 1018 546 1060 modo
587 1019 641 1058 sit
681 1017 897 1059 liberatus.
961 1015 1010 1056 In
1057 1015 1263 1058 versiculo
1311 1017 1577 1071 Apollodori,
1625 1031 1751 1073 quem

175 1087 392 1129 Nauckius
415 1090 674 1143 comparavit
697 1102 747 1129 ex
770 1086 932 1128 Donato
957 1086 1008 1128 ad
1033 1085 1218 1128 Terentii
1240 1088 1508 1130 Phormionem
1530 1100 1587 1130 iv.
1620 1090 1655 1130 1.
1679 1088 1750 1130 21.

538 1174 627 1199 nam
660 1173 724 1210 890
756 1172 923 1198 meorum
954 1160 1058 1197 SOZ'MS
1089 1172 1170 1197 susm
1200 1173 1315 1199 meus.

539 1229 618 1279 ἐγὼ
651 1228 734 1281 ’γαρ
768 1228 851 1278 εἶμι
884 1226 1000 1277 μόνος
1033 1231 1109 1269 τῶν
1143 1227 1246 1278 ἐμῶν
1278 1229 1389 1279 ἐμός.

176 1299 459 1355 rescripserim
473 1312 482 1339 :

541 1368 619 1419 ἐγὼ
655 1367 770 1417 μόνος
804 1367 886 1420 γάρ
920 1367 1002 1417 εἶμι
1037 1370 1112 1408 τῶν
1146 1368 1249 1418 ἐμῶν
1282 1367 1392 1420 ἐμός.

236 1509 458 1565 Euripides
489 1509 642 1564 fragm.
678 1507 808 1549 1002.
873 1507 1126 1550 Scholiastes
1158 1509 1210 1551 ad
1240 1509 1430 1564 Euripid.
1469 1511 1612 1552 Troad.
1649 1509 1750 1552 634.

179 1578 258 1627 ἔθος
295 1579 353 1624 ε’ςὶ
389 1581 443 1632 τῷ
472 1578 666 1630 Εὐριπίδῃ
699 1579 754 1629 τῷ
788 1578 1014 1628 βλέπειν
1048 1579 1224 1632 χρῆσθαι
1256 1579 1345 1621 αντὶ
1379 1583 1447 1622 τοῦ
1481 1581 1539 1633 ζῆ
1553 1598 1587 1622 ν.

446 1649 490 1691 τὸ
523 1649 597 1698 μὲν
630 1648 792 1696 τέθνηκε
825 1649 968 1699 σῶμα,
1002 1653 1118 1691 τοῦτο
1154 1649 1186 1690 δ’
1223 1650 1472 1700 ἀναβλέπει.

236 1719 455 1762 Meineke:
490 1723 607 1760 τοῦτο
640 1720 672 1760 δ’
703 1719 942 1773 ἀμβλέπει,
977 1720 1086 1774 quod
1117 1720 1278 1761 Nauck.
1312 1723 1481 1776 recepit.
1509 1734 1749 1776 perperam..

176 1805 275 1833 nam
315 1789 501 1845 simplici
543 1790 669 1832 verbo
711 1791 959 1839 utebantur,
999 1793 1115 1831 τοῦτο
1151 1790 1190 1832 δὲ
1221 1790 1383 1840 βλέπει.
1449 1789 1645 1847 Corrupit
1678 1792 1752 1834 ali-

177 1863 294 1916 quis,
329 1862 401 1916 qui
431 1860 512 1901 sibi
542 1864 676 1901 metro
704 1859 916 1902 consulere
944 1860 1179 1903 videbatur.
1228 1862 1399 1903 Βλέπειν
1425 1876 1499 1917 pro
1527 1862 1596 1915 ζῆν
1624 1865 1753 1904 etiam

176 1931 287 1986 apud
318 1930 567 1986 Sophoclem
601 1933 642 1971 et
675 1929 777 1972 alios
808 1929 982 1986 legitur.
1049 1930 1272 1986 Sophocles
1304 1933 1347 1973 in
1380 1933 1501 1973 Aiace
1528 1947 1587 1976 vs.
1619 1932 1749 1977 1067.

477 2002 509 2042 εἰ
543 2000 624 2052 γαρ
657 2001 881 2051 βλέποντος
914 2002 971 2051 μὴ
1005 2001 1235 2053 ’δυνήθημεν
1268 2008 1430 2055 κρατεῖν

477 2070 639 2118 πάντως
673 2071 856 2118 θανόντος
889 2070 931 2121 γ’
965 2069 1151 2124 ἄρξομεν.

234 2212 456 2271 Euripides
488 2216 638 2272 fragm.
677 2212 807 2257 1014.

507 2287 590 2327 θεοῦ
625 2285 706 2337 «γὰρ
740 2286 864 2333 οὐδεὶς
897 2285 1021 2337 χωρὶς
1055 2287 1227 2339 εὐτυχεῖ
1257 2283 1407 2338 βροτῶν

503 2357 580 2398 οὐδ’
615 2358 669 2403 εἷς
704 2357 747 2398 τὸ
780 2361 927 2407 μεῖΖον
960 2354 1088 2404 ἦλθεν.

235 2426 280 2468 Si
320 2426 364 2468 in
406 2427 601 2468 omnibus
642 2427 762 2469 libris
795 2425 931 2477 μεῖζον
962 2425 1173 2483 legeretur
1204 2433 1315 2477 μεῖον
1348 2427 1497 2470 fuisset
1529 2426 1750 2470 emendan-

176 2495 300 2538 dum:
333 2510 442 2537 nunc
471 2509 614 2538 omnes
646 2501 813 2540 servant
844 2503 955 2547 μεῖον
988 2500 1029 2538 et
1060 2497 1277 2539 Nauckius
1303 2497 1514 2540 infelicem
1543 2500 1751 2541 coniectu-

173 2581 266 2609 ram
298 2580 419 2608 suam
450 2566 682 2607 substituit.
730 2566 945 2609 Sententia
978 2567 1200 2610 manifesto
1231 2568 1333 2610 haec
1366 2572 1475 2610 erat:
1511 2569 1594 2611 θεοῦ
1623 2569 1748 2622 χωρὶς

177 2637 301 2684 οὐδεὶς
336 2635 428 2678 οὔτε
460 2636 633 2686 εὐτυχεῖ
662 2636 754 2679 οὔτε
786 2637 970 2689 δυςυχεῖ.

234 2776 300 2818 Ad
330 2775 546 2830 Euripidis
579 2775 728 2832 fragm.
767 2774 894 2817 1027.
930 2776 1093 2819 Nauck.
1129 2777 1244 2819 affert
1275 2777 1558 2820 versiculum:

416 2845 626 2897 ἐπαίρεται
659 2846 742 2898 γὰρ
774 2845 910 2898 μεῖζον
943 2844 1004 2888 ἵνα
1041 2848 1148 2902 [καὶ]
1180 2846 1316 2902 μεῖζον
1349 2847 1466 2901 πέσῃ.
