1946 3298
957 182 1012 224 66

202 323 300 352 nem
342 308 636 351 soloecismum
676 308 721 348 in
750 308 884 350 Dione
914 306 1132 349 ferendum
1163 305 1360 361 putabit?
1421 307 1561 349 Facile
1592 309 1654 349 est
1685 286 1775 360 cor<

201 381 359 436 rigere:
394 378 653 425 ἈθηναίΩΝ
686 377 872 430 Πέρσαις
905 376 1260 428 συμβαλόντΩΝ.

262 517 404 560 Multa
434 517 635 572 leguntur
666 517 710 557 in
741 516 885 557 Dionis
918 513 1142 557 Codicibus
1174 515 1225 556 ab
1260 514 1400 569 aliquo
1431 515 1584 556 lectore
1609 514 1773 558 inficete

201 591 366 631 inserta.
431 586 636 641 Pleraque
676 587 867 628 Editores
909 587 1138 634 eiecerunt,
1183 585 1255 626 sed
1297 587 1434 627 nescio
1467 585 1673 639 quomodo
1704 600 1774 640 pe-

200 662 420 716 percerunt
460 657 691 712 perinsulso
734 657 1019 698 additamento
1061 655 1160 696 huic
1202 669 1299 711 pag.
1345 654 1444 696 430.
1487 657 1622 708 [τοῦτο
1659 655 1700 696 δὲ
1731 656 1773 696 οὐ

199 728 316 780 μόνον
361 727 585 775 Ἀθηναίοις
624 727 740 768 άλλα
772 726 839 767 καὶ
874 725 1020 776 σχεδόν
1052 741 1090 765 τι
1124 727 1247 766 πᾶσιν
1280 727 1493 777 άνθρώποις
1527 725 1596 767 καὶ
1630 725 1773 776 πρότε-

202 816 260 852 ρον
305 798 373 839 καὶ
418 801 483 838 νῦν
521 796 818 850 συμβέβηκεν]
882 796 1070 837 Turbant
1113 796 1214 837 haec
1256 795 1552 837 molestissime
1590 795 1773 837 Socratis

201 870 629 927 argumentationem,
674 881 778 922 quae
820 868 966 908 statim
1003 870 1096 920 post
1126 866 1232 908 hanc
1264 865 1476 908 inficetam
1509 870 1551 908 et
1581 865 1772 917 ἀπροσδι-

201 941 334 983 όνυσον
380 937 768 980 annotatiunculam
814 937 1064 990 resumitur,
1109 940 1151 978 et
1194 938 1365 978 omnino
1406 951 1488 978 una
1525 936 1656 977 litura
1704 936 1771 978 de-

199 1011 323 1054 lenda
353 1012 463 1050 sunt.

261 1081 362 1122 Post
400 1093 533 1134 pauca
573 1077 751 1133 legitur:
796 1076 863 1117 καὶ
909 1074 1006 1117 οὕτω
1054 1076 1098 1123 δη
1142 1076 1368 1128 παρεκάλει
1415 1076 1620 1133 (Socrates
1663 1079 1774 1119 cives

203 1151 314 1207 suos)
348 1150 441 1202 πρὸς
474 1148 518 1189 τὸ
552 1147 833 1196 ἐπιμελεῖσθαι
867 1146 934 1187 καὶ
970 1146 1180 1197 προσέχειν
1216 1147 1363 1188 αὑτΩΙ
1396 1148 1462 1188 τὸν
1496 1150 1594 1188 νοῦν.
1651 1147 1774 1189 Nihil

203 1227 265 1265 est
304 1222 443 1277 magis
484 1233 507 1260 a
549 1217 759 1259 Socratica
800 1216 1097 1258 consuetudine
1140 1216 1341 1259 alienum.
1404 1218 1592 1260 Emenda
1629 1217 1772 1269 προσέ-

203 1309 294 1347 χειν
328 1292 502 1332 αὑτΟΙΟ
533 1289 599 1330 τὸν
633 1291 731 1329 νοῦν.

262 1432 370 1488 Pag.
411 1428 512 1470 431.
556 1428 600 1469 τὸ
633 1428 715 1479 γάρ
743 1426 876 1479 ζητεῖν
901 1452 955 1458 —
978 1425 1082 1474 ὅπως
1115 1443 1175 1474 τις
1210 1425 1298 1471 ἔςαι
1331 1427 1456 1473 καλὸς
1488 1427 1670 1476 κάγαθὸς
1705 1429 1775 1470 οὐκ

205 1503 310 1545 ἄλλο
351 1516 390 1542 τι
434 1497 534 1540 εἶναι
577 1499 598 1547 ἢ
641 1504 719 1539 ΤΟ
762 1502 1017 1549 φιλοσοφεῖν.
1081 1489 1276 1539 Postulat
1308 1495 1561 1539 Graecitatis
1593 1499 1701 1539 ratio
1735 1502 1777 1540 et

203 1587 304 1615 usus
343 1575 392 1612 ut
433 1573 639 1625 expuncto
683 1569 813 1611 altero
857 1568 1033 1611 articulo
1075 1570 1281 1611 scribatur
1313 1569 1382 1609 οὐκ
1413 1567 1518 1610 ἄλλο
1551 1584 1590 1609 τι
1617 1567 1716 1610 εἶναι
1751 1569 1773 1617 ἢ

204 1645 462 1696 φιλοσοφεῖν,
495 1644 544 1682 ut
571 1642 616 1681 in
645 1639 739 1682 illo:

504 1711 564 1757 τίς
594 1707 697 1751 οἶδεν
731 1711 763 1751 εΞ
797 1710 841 1750 τὸ
875 1709 944 1762 ζῆν
980 1711 1048 1752 οὐκ
1083 1709 1140 1754 ἔςι
1174 1711 1408 1760 κατθανεῖν;

204 1788 245 1826 et
274 1785 320 1825 in
349 1782 530 1824 Nubibus
562 1779 690 1822 1412.

505 1851 716 1903 ἐπειδήπερ
748 1850 833 1892 τόδ’
867 1851 947 1895 ἐςὶν
981 1853 1126 1893 εὐνοεῖν
1158 1851 1202 1892 τὸ
1236 1851 1418 1892 τύπτειν.

263 1923 564 1967 Demosthenes
596 1922 706 1963 κατα
740 1921 1020 1973 Τιμοκράτους
1054 1923 1076 1977 ξ
1110 1921 1205 1963 116.
1243 1923 1286 1963 τὸ
1320 1921 1406 1973 περὶ
1440 1922 1517 1962 τῶν
1548 1921 1775 1972 γεγονότων

205 1994 464 2047 πραγμάτων
497 1992 636 2043 νόμους
671 1992 847 2044 γράφειν
879 1993 921 2034 οὐ
955 1995 1175 2043 νομοθετεῖν
1211 1992 1290 2036 ἐςὶν
1324 1992 1439 2034 ἄλλα
1471 1992 1562 2038 τοὺς
1595 1992 1776 2034 ἀδικοῦν-

204 2081 280 2111 τας
315 2063 468 2115 σώζειν,
499 2067 540 2105 et
565 2065 587 2117 ξ
615 2063 715 2104 218.
741 2063 783 2104 τὸ
813 2064 949 2116 πράως
977 2063 1088 2116 ἔχειν
1110 2069 1193 2110 τοῖς
1219 2064 1406 2109 τοιούτοις
1426 2088 1479 2093 -
1499 2062 1774 2115 προδιδάσκειν

205 2134 260 2179 ἔς·’
303 2135 453 2175 ἀδικεῖν
495 2134 602 2183 ὑμᾶς
634 2135 684 2180 ὡς
719 2133 923 2180 πλείςους.
987 2134 1100 2176 Hinc
1135 2133 1310 2175 emenda
1340 2133 1668 2176 Demosthenem
1701 2133 1772 2175 LI.

206 2202 276 2247 12.
314 2204 464 2250 πάντες
499 2205 611 2254 ὑμεῖς
646 2204 802 2256 φήσετε
832 2204 876 2245 τὸ
911 2205 1005 2256 πρὸς
1038 2205 1093 2245 τὰ
1125 2208 1296 2245 τοιαῦτα
1330 2205 1465 2257 πράως
1500 2203 1610 2257 ἔχειν
1643 2204 1774 2258 προδι-

206 2275 367 2318 δάσκειν
401 2274 550 2325 ἐτέρους
585 2274 791 2315 οΞδίκΟΤΟ
823 2271 949 2328 εἶναι,
981 2275 1068 2315 imo
1101 2288 1199 2316 vero
1234 2275 1440 2317 άδικΕΞΙΝ.

266 2414 396 2456 Serib.
445 2426 485 2466 p.
536 2410 634 2452 435.
683 2411 750 2452 καὶ
801 2412 1019 2461 Σίβυλλαν
1048 2438 1100 2443 -
1136 2413 1203 2454 καὶ
1251 2414 1395 2468 Βάκιν,
1440 2412 1585 2466 (Ὠπερ
1631 2415 1773 2465 ἀγαθὼ

205 2481 480 2536 χρησμολόγω
541 2482 607 2523 καὶ
656 2481 802 2531 μάντιε
851 2483 1083 2536 ἐγενέσθην,
1132 2498 1205 2539 pro
1255 2491 1392 2536 ΕΙπερ.
1458 2484 1620 2527 Μάντιε
1667 2484 1776 2528 Ioni-

208 2568 305 2595 cum
338 2556 411 2593 est.

266 2691 361 2733 Non
403 2690 578 2731 debebat
617 2691 839 2745 Emperius
879 2705 918 2746 p.
963 2691 1063 2733 438.
1107 2695 1151 2733 in
1192 2695 1349 2735 verbis:
1396 2694 1426 2735 οἱ
1470 2698 1539 2736 τοῦ
1573 2699 1773 2744 νοσοῦντος

209 2761 359 2804 οἰκέται
401 2760 515 2801 αὐτοὶ
560 2760 852 2801 καταδοῦσι
894 2761 960 2802 τὸν
997 2763 1218 2812 δεσπότην,
1253 2778 1578 2806 commemorare
1609 2766 1775 2809 Reiskii

209 2834 487 2874 coniecturam
517 2831 754 2872 καταδέουσι
780 2833 1002 2873 nescientis
1027 2833 1205 2874 verbum
1233 2835 1313 2875 δεῖν
1337 2837 1380 2875 in
1407 2836 1600 2877 omnibus
1629 2837 1775 2880 formis

208 2902 416 2945 contrahi:
449 2902 547 2951 δῶν,
581 2901 759 2950 ἀναδῶν,
795 2901 968 2956 ὑποδῶν,
1002 2902 1249 2954 ἐπιδοῦντες,
1285 2904 1522 2946 ὑποδοῦνται
1554 2911 1595 2948 et
1627 2908 1724 2950 sim.
