1946 3298
933 165 1020 208 428

181 295 324 350 spicue
365 292 564 338 definiens
605 292 677 335 sed
715 305 789 348 per
819 293 1012 335 obscuras
1045 291 1246 348 ambages
1277 294 1319 334 et
1350 291 1466 334 inani
1498 293 1638 336 sonitu
1669 307 1759 336 ver-

181 366 332 409 borum
365 364 541 408 lectores
574 376 760 405 enecans.
824 362 1045 404 Praeterea
1077 363 1215 403 utitur
1245 361 1545 405 molestissima
1576 366 1761 407 oratione

181 440 224 479 et
268 435 388 490 stilo,
437 435 573 490 qualis
621 447 709 476 esse
754 432 859 475 solet
904 437 980 474 τῶν
1028 431 1304 484 ἀπειροκάλων
1346 433 1760 488 Neoplatonicorum.

180 506 295 549 Audi
339 517 493 561 pauca:
542 505 566 558 ξ
612 502 714 546 217.
766 502 1046 552 ἐξουσιαςικῶς
1095 503 1299 554 ἐπεχείρει
1351 504 1761 555 λέγειν-διεξῆλθε

181 576 481 629 γνωριμώτατα
501 600 554 606 -
575 574 662 625 περὶ
696 577 769 620 τῆς
804 574 842 614 ἐν
876 580 926 625 τῇ
957 576 1076 626 ψυχῇ
1104 573 1365 623 αὐτεξουσίου
1392 574 1599 624 δυνάμεως
1627 576 1759 625 οξναμ·

180 647 450 702 φισβητήτως
498 643 713 694 ἀπέδειξεν
743 669 797 675 ——
824 642 1043 692 ἐπεξῆλθεν
1091 644 1234 689 ἱκανῶς
1259 669 1313 674 -
1336 648 1478 695 ςερεῶς
1526 644 1760 695 ἀμεδίδαξεμ

181 744 236 751 -
255 717 483 770 ςαφέςατα
527 717 802 767 ἀπεκάλυψεν
821 740 873 745 —
895 712 1104 765 παρέδειξε
1149 717 1378 767 περιφανῶς
1397 739 1450 745 --
1470 714 1759 765 ε’πιςημονικῶς

181 788 363 838 διεξῆλθε
382 813 436 819 -
455 786 646 836 ἀπέδειξε
679 787 826 831 τελέως
847 810 900 815 -
921 785 1230 836 ὠφελιμώτατα
1261 785 1508 826 ἐπαίδευσεν.
1543 785 1646 827 haec
1673 799 1758 827 om-

177 860 248 902 nia
289 872 372 901 uno
413 862 554 901 tenore
599 871 645 899 ac
685 857 816 899 ferme
848 869 931 897 uno
964 857 1117 910 spiritu
1151 855 1456 897 taediosissime
1489 855 1754 897 detexuntur.

177 930 296 973 Haec
338 934 436 971 sunt
476 928 552 970 illa
594 934 765 969 monstra
811 927 1032 976 verborum,
1083 939 1188 981 quae
1236 930 1384 968 acutus
1430 929 1471 968 et
1514 927 1757 982 ingeniosus

177 1001 431 1044 Meinersius
463 999 568 1041 ferre
599 1012 681 1040 non
712 1001 888 1053 poterat.
939 996 1016 1038 Est
1047 998 1175 1038 etiam
1210 995 1326 1038 aliud
1356 998 1400 1037 in
1431 996 1497 1037 his
1528 996 1757 1052 indicium,

178 1085 259 1127 quo
291 1072 523 1113 recentium
551 1067 858 1112 Graeculorum
889 1069 1020 1109 oratio
1055 1067 1105 1109 ab
1139 1068 1426 1121 antiquiorum
1459 1067 1758 1109 consuetudine

178 1142 452 1190 discernitur,
483 1142 528 1181 in
559 1140 582 1194 ξ
615 1138 715 1180 220.
751 1139 901 1191 ςαθερᾷ
935 1144 984 1189 τῇ
1018 1135 1160 1189 γνωμῃ
1192 1142 1426 1189 φιλοσοφῶν
1459 1138 1650 1189 ἐφαίνετο
1687 1137 1754 1179 καὶ

176 1212 422 1255 παντάπασι
452 1210 834 1261 παρατεταγμένως
866 1208 934 1249 καὶ
969 1209 1259 1259 καρτερούντως
1294 1209 1465 1257 ἠμύνετο
1498 1209 1569 1249 τὴν
1600 1208 1756 1262 τύχην,

176 1297 281 1340 quae
313 1283 440 1326 verba
472 1280 732 1324 ostendimus
764 1293 812 1321 ex
845 1278 1036 1320 Platonis
1068 1279 1168 1332 Bep.
1203 1283 1345 1320 sumta
1372 1292 1459 1320 esse
1486 1292 1580 1336 pag.
1612 1278 1697 1320 399
1716 1291 1753 1321 Β.

176 1356 214 1397 ἐν
247 1357 350 1396 πᾶσι
382 1353 536 1398 τούτοις
569 1349 951 1403 παρατεταγμένως
985 1351 1053 1390 καὶ
1082 1350 1375 1399 καρτερούντως
1403 1349 1653 1399 ἀμυνομένου
1683 1349 1754 1397 τὴν

174 1426 320 1479 τύχην.
385 1425 481 1466 Non
521 1423 634 1465 cadit
675 1426 818 1463 autem
857 1420 933 1462 illa
965 1420 1130 1462 servilis
1162 1420 1352 1462 Platonis
1381 1422 1566 1462 imitatio
1597 1422 1679 1462 nisi
1711 1421 1755 1461 in

174 1499 375 1553 angustos
418 1493 723 1537 Graeculorum
768 1493 953 1538 animos,
988 1491 1141 1546 quibus
1171 1491 1273 1534 haec
1307 1491 1524 1547 splendida
1556 1492 1755 1533 orationis

174 1581 272 1610 suae
305 1568 549 1608 ornamenta
581 1568 623 1606 et
653 1563 818 1605 lumina
849 1576 937 1604 esse
963 1562 1228 1604 videbantur.
1279 1561 1424 1617 Itaque
1452 1563 1588 1604 sicubi
1613 1563 1754 1604 istius-

172 1638 289 1681 modi
321 1637 423 1693 quid
454 1635 614 1692 legitur
647 1637 809 1676 certum
842 1636 904 1675 est
935 1646 1010 1674 nos
1037 1639 1110 1674 aut
1135 1632 1419 1675 Iamblichum
1447 1634 1588 1689 ipsum
1615 1637 1754 1675 tenere

171 1712 245 1751 aut
288 1722 338 1750 ex
380 1705 694 1761 Neoplatonicis
736 1703 922 1759 aliquem
965 1707 1038 1745 aut
1081 1704 1259 1759 denique
1299 1718 1433 1746 unum
1478 1704 1527 1746 de
1562 1704 1753 1746 sutilium

171 1777 476 1822 Graeculorum
518 1789 671 1832 grege,
706 1787 806 1816 nam
838 1787 961 1816 nemo
993 1773 1196 1816 Veterum
1228 1774 1272 1816 id
1305 1774 1405 1817 fecit
1436 1789 1640 1830 umquam
1672 1776 1755 1816 nisi

166 1852 211 1893 in
252 1849 356 1892 locis
395 1851 638 1903 poetarum,
684 1859 786 1900 quos
827 1846 1114 1900 unusquisque
1157 1845 1326 1887 tenebat
1361 1847 1615 1888 memoriter.
1681 1846 1748 1888 Ad

167 1921 274 1964 hanc
314 1919 455 1961 lucem
498 1918 656 1972 inspice
696 1916 806 1957 mihi
846 1915 922 1958 hos
965 1915 1076 1970 apud
1115 1914 1399 1958 Iamblichum
1434 1915 1546 1959 locos
1578 1918 1622 1958 in
1652 1917 1676 1971 ξ
1709 1915 1749 1958 1.

169 1991 240 2034 30.
284 1990 352 2034 70.
397 1988 498 2031 220.
544 1986 646 2029 228.
689 1985 792 2028 266.
835 1987 910 2028 ubi
949 1988 1202 2028 imitationis
1233 1986 1476 2029 Platonicae
1509 1991 1621 2029 certa
1652 1991 1750 2028 sunt

165 2064 370 2119 impressa
400 2059 583 2115 vestigia
615 2060 656 2099 et
687 2056 810 2099 facile
841 2057 1151 2099 animadvertes
1184 2061 1257 2099 aut
1282 2056 1507 2100 Iamblichi
1532 2058 1633 2100 haec
1660 2071 1748 2100 esse

167 2137 241 2176 aut
272 2129 508 2174 Iamblicho
540 2142 621 2170 non
653 2127 792 2171 multo
823 2127 1023 2170 melioris.

226 2203 303 2246 Est
332 2203 462 2244 etiam
489 2199 604 2242 aliud
632 2201 678 2241 in
703 2199 769 2241 his
797 2200 998 2254 sequioris
1017 2199 1166 2241 aetatis
1183 2203 1485 2256 argumentum
1501 2200 1585 2255 in§
1607 2198 1745 2244 2125

165 2272 415 2325 Πυθαγόρας
440 2270 676 2313 ὑποπτεύων
703 2270 777 2319 μὲν
795 2266 854 2311 ὅτι
873 2270 1056 2322 Φάλαρις
1075 2271 1184 2322 αὐτῷ
1203 2271 1346 2323 ρὀέπτοι
1366 2271 1562 2326 θάνατον,
1581 2269 1686 2322 ὅμως
1705 2271 1744 2313 δὲ

167 2345 274 2391 εἰδὼς
292 2342 350 2386 ἔτι
369 2344 438 2385 οὐκ
457 2341 514 2390 εἴη
537 2339 733 2394 Φαλάριδι
754 2346 1056 2383 MOPCIMOC
1074 2339 1354 2390 ἐξουσιαςικῶς
1372 2342 1574 2394 ἐπεχείρει
1591 2342 1744 2393 λέγειν.

165 2416 269 2469 Quis
316 2415 452 2467 enim,
494 2413 568 2468 qui
608 2411 859 2454 Philostrati
890 2413 1027 2454 vitam
1058 2411 1273 2466 Apollonii
1305 2411 1536 2468 Tyanensis
1567 2412 1740 2470 legerit,

164 2500 247 2529 non
284 2485 430 2527 statim
468 2483 519 2525 ad
548 2483 650 2525 haec
681 2481 922 2525 recordatur
950 2481 1058 2532 loci,
1089 2482 1164 2524 ubi
1190 2484 1395 2525 mentitur
1424 2484 1549 2526 homo
1581 2483 1743 2527 levissi-

163 2570 260 2601 mus
286 2553 558 2611 Apollonium
587 2554 633 2594 111
660 2554 809 2608 capitis
831 2551 1016 2608 periculo
1028 2552 1285 2595 ferocissime
1302 2553 1545 2597 Domitiano
1563 2554 1740 2597 dixisse:

406 2626 447 2666 οὐ
481 2624 555 2674 μέν
587 2640 640 2673 με
670 2622 841 2670 κτενέεις
873 2623 960 2664 ἐπεὶ
996 2622 1042 2664 οὔ
1073 2639 1132 2665 τοι
1163 2622 1359 2676 μόρσιμός
1392 2625 1488 2676 εἶμι.

164 2702 206 2741 et
247 2698 305 2740 sic
348 2699 493 2738 tenues
537 2692 747 2748 dilapsum
790 2707 877 2736 esse
916 2695 961 2735 in
1003 2707 1124 2737 auras
1168 2695 1215 2751 ¹).
1280 2694 1382 2747 Quis
1419 2709 1500 2738 non
1533 2694 1740 2753 intelligit

207 2864 241 2904 1)
266 2862 478 2894 Philostratus
508 2871 533 2891 v.
569 2860 608 2891 A.
641 2859 736 2893 VIII.
771 2860 798 2890 5.
825 2856 933 2899 πέμπε
968 2858 1024 2890 τὸν
1058 2858 1235 2899 ληψόμενόν
1268 2871 1327 2900 μου
1362 2861 1401 2892 τὸ
1434 2864 1546 2901 σῶμα,
1579 2862 1638 2900 τὴν
1671 2862 1738 2903 γὰρ

162 2922 274 2965 ψυχὴν
299 2917 470 2954 ἀδύνατον·
500 2919 625 2959 μᾶλλον
651 2915 685 2949 δὲ
713 2911 773 2949 οὐδ’
801 2914 838 2948 ἂν
863 2918 903 2949 τὸ
931 2923 1023 2958 σῶμα
1048 2917 1166 2958 τούμὸν
1192 2919 1322 2958 λάβοις,
