1946 3298
943 161 1029 205 320

256 296 304 338 In
345 295 368 350 ξ
411 293 480 337 34.
525 290 697 341 ἐπιτομή
741 305 800 335 τις
843 289 1008 341 ὡσπερεὶ
1056 287 1123 330 καὶ
1158 287 1523 341 ἀνακεφαλαίωσις
1561 287 1659 343 [τις]
1696 289 1774 328 τῶν

196 367 306 419 αὐτῷ
340 365 566 408 δοκούντων.
630 361 825 404 Alterum
858 376 919 407 τις
951 360 1101 403 vitiose
1131 360 1360 414 repetitum
1391 358 1617 400 delendum
1649 360 1724 399 est.

256 507 308 548 In
340 505 363 558 ξ
396 502 466 545 35.
499 501 612 544 κατὰ
643 501 715 549 τὴν
747 498 1021 550 Ὀλυμπιοὶδκ
1050 499 1122 547 τὴν
1151 497 1336 550 δευτέραν
1367 497 1432 540 ἐπὶ
1459 502 1553 544 ταῖς
1581 495 1775 545 ἐξήκοντα

198 577 289 619 καθ’
336 569 378 622 ἣν
419 571 646 625 ἘρυξίΔοις
690 572 706 613 ὁ
751 571 976 616 Χαλκιδεὺς
1011 569 1146 613 ςοέδιον
1179 568 1368 617 ἐνίκησεν.
1433 567 1589 610 Verum
1622 579 1775 608 nomen

196 650 333 690 servat
376 647 396 693 ἦ
443 642 738 693 Ὀλυμπιάδων
777 640 1004 692 ἀναγραφή
1048 640 1100 682 ad
1143 639 1442 696 Olympiadem
1483 636 1617 680 LXII.
1665 635 1777 691 apud

195 717 474 774 Rutgersium
520 727 617 770 pag.
666 712 736 754 23.
786 710 969 763 Ἐρυξίας
1017 710 1244 756 Χαλκιδεὺς
1293 710 1442 754 ςάδιον.
1516 709 1565 750 111
1606 707 1776 749 Italiam

195 788 330 845 igitur
370 786 533 828 venisse
574 784 728 825 dicitur
770 796 875 824 anno
919 781 1016 823 532.
1064 782 1175 837 quod
1216 783 1394 822 minime
1435 780 1631 836 congruit
1679 791 1777 819 cum

196 859 431 901 narratione
473 869 616 897 eorum
650 856 722 909 qui
753 854 1046 910 Pythagoram
1083 854 1128 894 in
1158 853 1354 909 Aegypto
1388 866 1412 893 a
1443 849 1654 906 Cambyse
1685 862 1778 903 cap-

198 934 292 972 tum
338 930 461 982 (anno
506 925 607 981 525)
654 939 727 980 per
770 925 992 966 duodecim
1034 924 1226 979 deinceps
1258 936 1385 964 annos
1415 923 1460 963 in
1491 922 1593 963 Asia
1622 920 1779 962 vixisse

197 1004 385 1043 auctores
427 1003 524 1039 sunt
566 998 611 1038 in
651 997 673 1051 ξ
719 994 787 1037 19.
852 995 933 1037 Sed
973 996 1017 1036 in
1059 994 1323 1049 exquirendis
1365 992 1626 1048 temporibus
1656 1004 1777 1033 nemo

198 1076 260 1114 est
290 1068 526 1112 Iamblicho
556 1066 869 1123 indiligentior,
904 1066 977 1120 qui
1008 1065 1133 1107 modo
1164 1065 1276 1106 hunc
1307 1064 1432 1106 modo
1465 1063 1599 1105 alium
1640 1065 1777 1104 aucto-

197 1156 288 1185 rem
330 1143 498 1182 secutus
539 1142 696 1180 temere
739 1139 889 1178 miscet
931 1138 1084 1178 omnia.
1150 1135 1270 1187 Quod
1301 1138 1445 1176 autem
1479 1134 1630 1175 diserte
1660 1133 1780 1188 ponit

198 1210 499 1269 Olympiadem
540 1208 661 1250 LXII
702 1208 870 1249 videtur
902 1208 1061 1249 bonum
1093 1210 1305 1248 auctorem
1337 1206 1508 1255 habere,
1543 1208 1592 1246 ut
1623 1203 1777 1260 colligo

199 1299 250 1327 ex
282 1281 491 1325 Ciceronis
523 1279 614 1321 loco
647 1280 694 1320 de
724 1279 825 1332 Rep.
861 1277 914 1319 II.
951 1276 1021 1320 15.
1059 1282 1265 1333 „quartum
1297 1278 1375 1317 iam
1408 1291 1553 1317 annum
1594 1281 1780 1328 reynante

198 1354 321 1396 Lucio
371 1351 588 1407 Tarquinio
634 1350 805 1404 Superbo
849 1348 1019 1404 Sybarin
1062 1355 1099 1389 et
1146 1349 1343 1389 Crotonem
1385 1354 1423 1388 et
1465 1347 1506 1387 in
1538 1361 1602 1388 eas
1634 1347 1782 1388 Italiae

194 1429 327 1481 partes
374 1423 617 1479 Pytkayoras
662 1424 810 1462 venisse
855 1419 1064 1474 reperitur.
1145 1419 1342 1475 Olympiae
1389 1418 1490 1459 enim
1534 1418 1705 1459 secunda
1746 1422 1782 1459 et

196 1494 432 1549 sexayesima
464 1493 594 1534 eadem
629 1491 795 1545 Superbi
828 1490 939 1543 requi
971 1490 1142 1531 initium
1163 1494 1199 1531 et
1231 1490 1477 1544 Pytkayorae
1508 1490 1685 1530 declarat
1712 1489 1782 1530 ad-

199 1571 364 1609 ventum.
429 1565 491 1605 Em
533 1577 605 1619 quo
648 1562 819 1614 intelliyi
851 1565 981 1615 potest
1013 1576 1115 1602 anno
1136 1562 1236 1616 fere
1267 1565 1466 1602 centesimo
1500 1565 1537 1602 et
1566 1561 1782 1615 quadraqe-

198 1643 291 1679 simo
327 1639 415 1690 post
451 1638 607 1675 mortem
638 1632 792 1674 Numae
821 1631 988 1685 primum
1021 1632 1186 1672 Italiam
1219 1632 1477 1687 Pythuqoram
1509 1632 1687 1685 attiyisse
1717 1646 1781 1671 ne-

198 1724 271 1765 que
302 1709 370 1748 lioc
403 1706 506 1746 inter
538 1719 600 1745 eos
627 1703 695 1758 qui
722 1703 1020 1756 diliyentissime
1042 1703 1236 1757 persecuti
1262 1707 1353 1744 sunt
1381 1707 1590 1756 temporum
1618 1702 1782 1742 annales

199 1781 284 1821 ulla
326 1782 380 1819 est
423 1790 598 1831 umquam
631 1774 674 1814 in
706 1773 949 1814 dubitatione
981 1774 1211 1815 versatum.''
1275 1771 1525 1830 Congruunt
1555 1775 1664 1815 inter
1696 1786 1783 1814 sese

198 1852 300 1893 haec
360 1848 511 1890 omnia.
593 1845 846 1900 Tarquinius
901 1859 1075 1902 regnare
1132 1847 1314 1901 coepisse
1372 1848 1565 1887 narratur
1610 1843 1779 1900 Olymp.

199 1919 333 1963 LXII.
387 1919 409 1960 1
463 1922 586 1972 (anno
636 1915 766 1972 532),
822 1915 1089 1973 Pythagoras
1131 1916 1319 1958 eiusdem
1366 1915 1631 1972 Olympiadis
1677 1930 1783 1959 anno

199 1995 346 2048 quarto
379 1991 575 2045 (quartum
608 1988 687 2028 iam
719 2002 862 2027 annum
895 1992 1083 2039 reynante
1113 1987 1346 2042 Tarquinio)
1374 1989 1418 2028 in
1445 1985 1614 2028 Italiam.
1641 1989 1781 2039 venit..

199 2064 342 2105 Numa
385 2062 493 2102 circa
525 2073 682 2101 annum
725 2056 810 2100 673
854 2072 875 2099 e
916 2058 1006 2099 vita
1044 2060 1266 2099 excessisse
1309 2057 1565 2099 credebatur.
1630 2057 1676 2098 In
1717 2057 1783 2099 his

199 2148 304 2190 quae
337 2133 386 2174 de
416 2131 583 2173 Numae
616 2134 656 2171 et
689 2128 909 2184 Tarquinii
941 2132 1076 2170 aetate
1109 2132 1329 2170 narrantur
1362 2127 1489 2169 fidem
1521 2128 1685 2170 nullam
1712 2129 1784 2171 ha-

199 2207 321 2253 bent,
362 2202 433 2244 sed
464 2202 624 2242 faciunt
657 2200 707 2241 ad
736 2200 1005 2255 Pythagorae
1039 2204 1221 2241 aetatem
1255 2198 1532 2241 definiendam
1565 2199 1780 2250 nonnihil,

200 2278 235 2317 si
279 2275 337 2316 sic
378 2273 428 2315 ab
474 2273 746 2313 ARisToxENo
788 2273 878 2325 ipso
912 2275 973 2312 est
1005 2271 1234 2312 memoriae
1267 2270 1509 2325 proditum,
1546 2270 1595 2312 de
1628 2284 1709 2326 qua
1740 2285 1784 2313 re

202 2345 284 2388 alio
314 2344 405 2386 1000
439 2342 691 2384 videbimus.

261 2415 356 2457 Non
398 2417 460 2455 est
504 2413 682 2454 dubium
724 2414 824 2467 quin
857 2410 1001 2453 Cicero
1035 2416 1123 2454 tam
1159 2411 1409 2454 confidenter
1442 2412 1544 2454 haec
1577 2411 1787 2454 affirmans

201 2491 386 2530 constare
419 2485 522 2524 inter
555 2498 615 2523 eos
648 2483 713 2537 qui
746 2483 1041 2535 [Ziliqentissime
1064 2483 1263 2537 persecuti
1295 2487 1386 2523 sunt
1419 2487 1628 2536 temporum
1661 2497 1785 2523 anna-

201 2560 256 2599 les
288 2556 512 2610 Pomponii
543 2554 675 2595 Attici
707 2555 882 2594 Annales
909 2556 963 2595 sit
997 2557 1184 2603 secutus,
1221 2554 1270 2595 de
1304 2567 1384 2608 quo
1416 2553 1524 2595 libro
1557 2557 1598 2594 et
1636 2551 1786 2595 Corne-

200 2629 285 2670 lius
326 2626 465 2680 Nepos
506 2625 547 2665 in
592 2625 681 2664 vita
723 2625 857 2665 Attici
901 2638 988 2679 cap.
1035 2623 1090 2665 18
1137 2623 1363 2681 diligenter
1393 2623 1540 2665 retulit
1567 2627 1609 2665 et
1643 2621 1787 2666 Cicero

203 2699 378 2755 passim,
426 2698 474 2736 ut
515 2696 559 2735 in
609 2694 770 2734 Oratore
802 2695 825 2748 ξ
858 2694 957 2736 1520.
1012 2696 1220 2747 Coyno-soat
1260 2695 1401 2735 Orator
1435 2709 1564 2734 rerum
1590 2699 1786 2746 9estarum

205 2775 241 2811 et
279 2766 482 2809 memoriae
525 2765 665 2805 veteris
698 2765 893 2812 ordinem,
927 2766 1092 2806 maa-ime
1123 2765 1272 2806 seilicet
1305 2769 1459 2805 nostrae
1491 2764 1686 2814 civitatis,
1721 2765 1791 2805 sed

205 2845 241 2881 et
271 2837 562 2892 imperiosorum
584 2836 821 2889 populorum
850 2842 887 2876 et
919 2850 1049 2887 reyum
1082 2835 1320 2887 illustrium,
1354 2849 1460 2889 quem
1487 2835 1653 2876 laborem
1679 2835 1789 2876 nobis

205 2910 338 2952 Attici
379 2906 503 2948 nostri
544 2905 688 2946 levavit
731 2905 860 2954 labor,
906 2905 972 2959 qui
1017 2906 1227 2947 observatis
1274 2905 1493 2960 notatisque
1535 2906 1786 2960 temporibus,
