1946 3298
923 154 1006 199 577

238 278 396 334 Agesil.
433 279 502 322 11.
538 278 606 319 10.
641 277 795 328 ταύτην
827 280 901 330 μὲν
929 279 1064 322 ἔπεισε
1091 286 1227 332 γῆμαι
1256 282 1322 324 τὸν
1352 287 1546 324 KOTTN
1571 283 1588 324 ὁ
1619 282 1748 334 Ἀγη-Ι

177 348 317 395 σίλαος
351 350 419 391 καὶ
453 351 594 401 λαβὼν
629 353 725 400 παρ’
758 352 883 393 αὐτοῦ
916 352 1075 403 χιλίους
1107 353 1247 399 ἱππεῖς
1283 352 1350 393 καὶ
1385 353 1608 404 δισχιλίους
1642 364 1745 395 πελ-

177 420 311 464 ταςάς
355 418 465 467 αὖθις
508 420 759 472 άνεχάρησεν
794 422 848 468 εἷς
883 422 1075 472 Φρυγίαν.
1139 422 1256 464 Haec
1289 436 1473 477 quoque,
1507 426 1556 464 ut
1587 423 1748 479 reliqua

175 489 396 544 pleraque,
430 495 571 532 sumta
603 495 700 533 sunt
733 506 782 532 ex
814 492 1105 546 Xenophontis
1138 493 1296 534 Hellen.
1329 492 1399 534 IV.
1437 493 1473 534 1.
1505 491 1545 534 3.
1575 494 1650 535 ubi
1674 508 1747 535 rex

176 559 499 616 Paphlagonum
540 575 622 603 non
661 561 787 607 Κότυς
823 562 894 603 sed
921 563 1053 608 ’Ότυς
1088 562 1338 617 appellatur.
1404 562 1572 604 Scribae
1604 567 1645 605 et
1677 564 1746 605 hic

177 634 217 671 et
264 630 330 671 11.
367 631 408 673 4.
441 633 508 672 τὸν
540 631 724 682 βασιλέα
757 637 832 672 τῶν
865 633 1159 684 Παφλαγόνων
1190 631 1344 686 Κότυν,
1376 634 1645 675 notissimum
1676 647 1747 675 no-

176 715 274 743 men
304 715 456 758 regum
487 703 531 743 in
562 701 740 744 Thracia
770 704 915 759 ignoto
947 704 1027 745 sibi
1058 705 1220 745 nomini
1253 707 1572 758 supposuerunt.

237 839 397 896 Agesil.
437 839 503 880 11.
541 839 611 880 42.
647 840 861 894 Agyesz'laus
893 843 1014 883 dicit.-
1048 842 1127 892 ἐγὼ
1163 842 1243 892 γάρ
1277 857 1344 891 μοι
1377 841 1471 882 δοκῶ
1505 842 1628 889 τήναν
1671 842 1748 883 τάν

177 908 328 960 μάχαν
370 909 446 950 ταν
494 910 579 960 περὶ
623 914 692 950 τοῦ
737 915 986 961 ΦιλΑματος
1034 910 1142 953 ἅδιον
1191 911 1239 952 ἂν
1288 910 1502 962 μάχεσθαι
1550 909 1675 952 πάλιν
1727 911 1747 958 ἢ

178 979 318 1021 πάντα
362 977 437 1020 ὅσα
481 979 678 1028 τεθέαμαι
722 980 874 1031 χρυσία
916 997 982 1029 μοι
1017 983 1222 1030 γενέσθαι.
1284 981 1332 1022 In
1363 981 1483 1022 libris
1517 984 1578 1023 est
1610 985 1750 1032 ΦιλΗ-

176 1066 331 1105 ματος,
377 1051 487 1105 quod
528 1050 743 1092 Muretum
778 1055 944 1093 secutus
976 1051 1161 1094 Sintenis
1193 1054 1237 1093 in
1270 1051 1512 1104 φιλάματος
1546 1052 1744 1094 mutavit

177 1121 423 1163 Theocritus
456 1123 513 1163 sic
547 1121 672 1163 solete
711 1122 819 1163 κενὸν
852 1124 896 1164 τὸ
930 1123 1105 1175 φίλαμα
1137 1123 1324 1173 λέγοντι,
1362 1127 1425 1164 et:

417 1190 495 1233 ἕντι
530 1193 596 1232 καὶ
633 1192 670 1232 ἐν
704 1198 867 1234 κενεοῖσι
899 1193 1138 1246 φιλάμασιν
1172 1193 1277 1235 άδέα
1310 1193 1463 1244 τέρψις.

176 1263 248 1305 sed
280 1264 369 1305 veri
400 1262 620 1304 Dorienses
654 1269 688 1303 H
722 1277 772 1304 ex
807 1269 838 1304 G
868 1268 1017 1306 natum
1050 1266 1092 1306 in
1127 1271 1162 1306 A
1196 1278 1278 1306 non
1310 1266 1479 1308 mutant
1509 1263 1645 1313 τίθημι
1685 1265 1750 1306 di-

177 1337 315 1375 centes
356 1337 397 1374 et
437 1334 536 1380 θησῶ
581 1334 812 1388 (θησεῦμες,
861 1334 1059 1388 θησεῦντι)
1105 1338 1146 1376 et
1179 1333 1299 1382 ἔθηκα
1334 1338 1375 1375 et
1409 1333 1509 1381 θη’κα
1542 1338 1584 1376 et
1616 1337 1674 1376 sic
1705 1337 1750 1377 in

177 1405 350 1446 caeteris
393 1404 602 1445 omnibns.
667 1404 813 1458 Itaque
855 1404 931 1446 τάν
975 1405 1062 1456 περὶ
1112 1411 1200 1446 ΤΩ
1250 1409 1503 1457 φιλΗματος
1551 1405 1749 1461 Agesilao

175 1474 450 1516 reddendum.
504 1473 552 1514 In
584 1474 874 1529 Xenophontis
909 1475 1123 1530 Agsesz'lcto,
1157 1490 1281 1530 quem
1313 1475 1472 1517 librum
1497 1475 1751 1518 Plutarchus

175 1559 313 1587 errans
364 1546 598 1601 genuinum
654 1559 740 1586 esse
786 1546 984 1600 putabat,
1026 1545 1209 1602 legitur:
1254 1545 1301 1586 V.
1349 1545 1387 1586 5.
1438 1545 1655 1597 μάχεσθαι’
1699 1563 1750 1596 γε

175 1616 312 1666 μέντοι
346 1616 474 1656 πάλιν
508 1618 579 1663 την
615 1617 740 1662 αὐτην
774 1615 920 1667 μάχην
953 1615 1100 1666 ὄμνυμι
1135 1615 1297 1662 πάντας
1333 1615 1440 1661 θεοὺς
1476 1613 1499 1664 ἦ
1529 1617 1608 1666 μην
1641 1620 1751 1666 μαλ-

174 1696 241 1727 λον
282 1686 501 1736 βούλεσθαι
549 1686 569 1734 ἣ
615 1686 754 1727 πάντα
798 1702 862 1735 μοι
906 1684 983 1728 ὅσα
1021 1688 1088 1738 ὁρῶ
1121 1688 1281 1738 χρύσεα
1314 1685 1516 1736 γενέσθαι.
1581 1686 1747 1730 Ultima

173 1759 232 1799 Sic
276 1758 505 1811 accipiunt:
554 1773 677 1812 quam
720 1758 822 1798 milei
864 1760 997 1798 omnia
1039 1773 1140 1813 quae
1171 1773 1285 1799 cerno
1317 1773 1439 1798 aurea
1463 1759 1582 1813 fieri,
1616 1772 1750 1813 neque

173 1828 307 1870 alium
341 1841 510 1869 sensum
540 1827 745 1869 vocabula
778 1826 937 1869 Graeca
971 1828 1216 1869 admittunt.
1278 1827 1362 1870 Sed
1395 1841 1523 1882 qnam
1554 1830 1609 1869 sit
1646 1828 1748 1870 haec

173 1899 351 1940 absurda
391 1899 599 1940 sententia
643 1897 713 1939 vel
754 1897 897 1939 Midae
930 1898 1123 1953 exemplo
1156 1901 1350 1955 cognosci
1382 1902 1532 1954 potest.
1595 1898 1747 1941 Paullo

170 1969 346 2011 meliora
389 1969 642 2010 Plutarchus
686 1968 831 2010 habet:
881 1969 902 2017 ἢ
948 1969 1088 2010 πάντα
1131 1966 1206 2010 ὅσα
1249 1970 1449 2019 τεθέαμαι
1491 1969 1643 2021 χρυσία
1677 1985 1743 2019 μοι

171 2040 379 2094 γενέσθαι,
413 2040 456 2081 id
489 2042 551 2081 est
582 2055 705 2095 quam
737 2039 889 2080 habere
920 2054 989 2080 me
1016 2041 1152 2081 omnia
1178 2055 1279 2095 quae
1304 2042 1345 2081 in
1378 2042 1457 2081 vita
1482 2041 1657 2096 spectavi
1681 2055 1745 2081 or-

171 2120 361 2153 namenta
393 2126 540 2159 aurea,
574 2114 622 2151 ut
656 2110 766 2164 apud
794 2109 1133 2164 Theophrastum
1161 2110 1249 2161 περὶ
1279 2110 1542 2157 ἀναισθησίας
1570 2109 1683 2151 XIV.
1703 2110 1744 2152 4.

171 2181 360 2231 λέγοντός
403 2196 505 2225 τινος
557 2179 727 2229 ,,πο’σους
771 2179 838 2221 οἴει
883 2180 992 2222 κατά
1036 2180 1111 2226 τας
1144 2180 1283 2232 Ἠρίας
1317 2180 1455 2225 πύλας
1489 2178 1744 2231 ἐξενηνέχθαι

170 2250 374 2304 νεκρούς;”
407 2251 501 2302 πρὸς
535 2254 672 2292 τοῦτον
706 2251 831 2292 εἰπεῖν
866 2248 1009 2300 υὅσοι
1055 2251 1167 2300 ἐμοὶ
1209 2250 1296 2291 καὶ
1337 2250 1413 2291 σοὶ
1458 2250 1747 2299 γένοιντο.”

170 2323 251 2365 Sed
282 2336 334 2364 ne
367 2323 426 2363 sic
459 2321 629 2376 quidem
658 2321 820 2362 dictum
851 2324 913 2362 est
940 2320 1139 2375 Agesilao
1168 2322 1270 2362 satis
1297 2321 1476 2377 dignum
1506 2323 1547 2361 et
1575 2322 1744 2362 omnino

167 2394 280 2436 levia
318 2393 420 2434 haec
461 2392 666 2433 amatoria
705 2391 904 2432 historiae
949 2392 1207 2448 gravitatem
1241 2390 1463 2439 dedecent,
1498 2392 1744 2444 praesertim

167 2466 212 2505 in
242 2468 328 2505 tam
361 2476 516 2519 magno
549 2467 591 2503 et
623 2466 711 2503 tam
743 2461 955 2516 praeclaro
987 2463 1092 2503 viro.

226 2535 448 2576 Praeterea
481 2532 770 2575 scribendum:
804 2533 994 2583 χαλεπὸν
1027 2533 1153 2574 εἰπεῖν
1186 2533 1218 2573 εἱ
1253 2531 1379 2573 πάλιν
1409 2531 1508 2573 ”AN
1545 2532 1636 2587 (pro
1670 2531 1738 2588 αὖ)

169 2630 223 2636 -
258 2603 495 2656 ἐκαρτέρησε
527 2605 618 2658 (pro
653 2601 950 2658 ἐνεκαρτέρησε)
983 2602 1040 2652 μη
1074 2604 1306 2655 φιληθῆναι.

227 2745 388 2803 Agesil.
425 2744 494 2786 12.
531 2743 571 2785 2.
607 2744 674 2784 καὶ
713 2748 885 2793 συνῆγεν
917 2743 1222 2795 άμφοτέρΟΤΟ
1253 2743 1302 2785 ὢν
1333 2741 1440 2790 ξένος
1476 2742 1492 2782 0‘
1526 2741 1740 2792 Κυζικηνὸς

166 2814 496 2868 Ἀπολλοφάνης.
533 2818 574 2856 et
606 2816 812 2856 sententia
844 2817 886 2855 et
918 2816 1162 2869 compositio
1192 2813 1418 2856 verborum
1456 2812 1742 2863 άμφοτέρΟΙΟ

166 2887 356 2941 requirit.
400 2885 634 2940 Xenophon
661 2884 818 2926 Hellen.
844 2883 914 2926 IV.
946 2886 985 2926 1.
1014 2884 1086 2926 29.
1112 2882 1432 2937 Ἀπολλοφάνης
1459 2883 1475 2923 ὁ
1504 2881 1740 2934 Κυζικηνὸς,

357 2971 408 3002 11.
1515 2950 1554 2984 37
