1946 3298
944 153 1030 195 324

200 281 336 324 ἀλλάν
379 279 619 323 ΔΙΛθέο-εων
657 282 734 321 τάν
765 279 1069 330 ἀντικειμένων,
1102 282 1143 321 61
1175 281 1234 322 sic
1264 280 1430 335 saepius
1463 281 1484 328 ἡ
1518 275 1773 328 ἀντικειμένη

201 352 374 399 διάθεσις
407 353 449 394 111
480 351 847 407 Pythagoreorum
881 351 1131 407 fragmentis
1161 349 1334 406 legitur.

262 493 311 535 In
343 495 365 548 ᾖ
399 492 467 535 42.
502 492 605 534 dicit
636 491 901 549 Pythagoras
934 491 1133 533 Troianos
1165 493 1207 533 61
1242 488 1422 532 Graecos
1455 489 1506 532 δι’
1540 490 1620 536 ἐνὸς
1654 491 1777 542 ἀκρα-

204 565 295 607 σιάν
339 569 431 610 ταῖς
476 561 724 609 δεινοτάταις
767 567 996 614 περιπεσεῖν
1038 565 1267 614 συμφοραῖς
1310 560 1402 608 τοὺς
1445 560 1519 610 μὲν
1552 562 1590 602 ἐν
1620 561 1675 612 τῷ
1710 576 1778 602 πο-

203 635 341 688 λέμῳ,
375 635 467 680 τοὺς
500 634 539 675 δὲ
573 633 684 674 κατὰ
715 634 782 675 τὸν
814 631 1056 674 ’Λνάπλουν.
1107 631 1215 684 Quia
1247 634 1409 674 certum
1437 634 1498 673 est
1525 631 1575 673 de
1602 632 1778 673 navium

203 707 335 748 reditu
367 706 409 746 in
436 704 610 759 patriam
641 704 742 745 haec
776 704 858 745 dici
887 703 1116 760 legendum
1159 706 1224 745 est
1265 701 1376 743 κατα
1419 701 1486 743 τὸν
1525 700 1774 744 Ἀπόπλουν.

204 775 435 822 ’Λνάπλους
469 779 510 817 61
541 776 741 816 ἀναπλεῖν
775 775 1018 817 dicebantur
1049 774 1098 816 de
1128 775 1181 816 iis
1213 775 1287 829 qui
1318 787 1368 815 ex
1401 771 1576 815 Graecia
1608 772 1778 814 Troiam

204 862 349 890 versus
379 846 475 889 vela
506 846 674 888 dabant.
741 846 1008 888 Aristarchus
1040 845 1092 887 ad
1123 844 1244 886 Iliad.
1280 852 1331 886 A.
1365 842 1435 885 22.
1472 845 1510 899 (ἦ
1545 844 1686 895 διπλῆ)
1718 841 1777 885 ἔτι

204 918 479 960 ἀνάπλουν
511 917 577 958 τὸν
611 917 653 958 ἐκ
685 918 987 966 Πελοποννήσου
1021 918 1075 963 εἷς
1109 916 1258 968 Τροίαν
1292 918 1419 957 πλοῦν
1451 914 1580 966 λέγει.

265 1059 314 1101 111
356 1060 378 1114 ξ
420 1058 489 1100 42.
530 1058 798 1115 Pythagoras
831 1056 1055 1110 παρεκάλει
1089 1056 1181 1103 τοὺς
1219 1056 1446 1102 νεανίσκους
1479 1055 1546 1097 καὶ
1583 1054 1676 1106 πρὸς
1709 1055 1780 1101 την

207 1130 397 1172 παιδείαν
445 1129 697 1179 ἐνθυμεῖσθαι
745 1127 916 1170 κελεύων
963 1129 1011 1174 ὡς
1062 1126 1212 1169 ἄτοπον
1264 1126 1351 1183 [ἂν]
1402 1126 1460 1174 εἴη
1503 1125 1666 1168 πάντων
1707 1125 1781 1175 μὲν

208 1199 526 1244 σπουδαιότατον
557 1200 696 1250 κρίνειν
728 1201 799 1247 την
830 1198 1006 1241 διάνοιαν
1026 1224 1095 1253 --·,
1133 1200 1186 1245 εἷς
1220 1199 1259 1240 δὲ
1292 1200 1363 1245 την
1390 1196 1559 1246 ἄσκησιν
1585 1197 1656 1244 την
1683 1195 1781 1238 ταύ-

205 1290 275 1321 της
318 1271 473 1323 μηδένα
514 1270 654 1322 χρόνον
696 1270 796 1319 μηδὲ
840 1269 955 1311 πόνον
988 1268 1250 1316 ἀνηλωκέναι.
1314 1268 1473 1311 Vitiose
1505 1265 1778 1310 31)1111(16,1ἀν.

204 1344 471 1401 Pythagoras
512 1343 557 1383 in
597 1344 710 1383 recta
753 1342 937 1383 oratione
980 1340 1166 1382 dixerat:
1210 1338 1361 1381 ἄτοπόν
1410 1339 1514 1393 ε’ςιν,
1556 1340 1698 1393 itaque
1738 1338 1783 1378 in

204 1415 373 1470 obliqua
405 1412 628 1455 dic-endum
660 1413 710 1458 ὡς
743 1410 892 1454 ἄτοπον
926 1411 1001 1459 εἴη.

267 1554 476 1598 Continuo
507 1554 719 1608 sequitur:
749 1551 817 1593 καὶ
847 1554 983 1593 ταῦτα
1011 1556 1083 1599 τῆς
1110 1552 1186 1601 μὲν
1213 1554 1288 1593 τῶν
1314 1550 1512 1601 σωμάτων
1542 1549 1781 1600 ἐπιμελείας

205 1633 286 1674 τοῖς
333 1625 510 1678 φαύλοις
553 1626 629 1665 τῶν
672 1623 804 1676 φίλων
849 1623 1105 1673 ὁμοιουμένης
1151 1623 1218 1664 καὶ
1260 1622 1421 1674 ταχέως
1455 1623 1780 1671 ἀπολειπούσης,

204 1705 276 1747 τῆς
321 1697 361 1739 δὲ
403 1696 594 1742 παιδείας
629 1693 812 1744 καθάπερ
844 1695 877 1735 οἱ
912 1694 1028 1735 καλοὶ
1063 1693 1236 1744 κάγαθοὶ
1269 1698 1345 1735 τῶν
1377 1693 1523 1744 ἀνδρῶν
1554 1692 1679 1745 μέχρι
1713 1693 1783 1734 θα-

204 1769 326 1812 νάτου
370 1766 695 1818 παραμενούσης.
769 1765 995 1807 Neminem
1037 1765 1191 1807 vidisse
1237 1766 1377 1820 inepte
1423 1764 1525 1806 haec
1570 1767 1611 1805 et
1658 1763 1785 1806 stulte

207 1839 313 1883 dici!
379 1837 463 1881 Cur
511 1851 660 1893 quaeso
708 1838 914 1889 diliqentia
961 1837 1003 1876 in
1048 1837 1220 1876 curando
1267 1850 1424 1889 corpore
1465 1835 1621 1876 dicitur
1659 1835 1785 1877 malis

208 1912 355 1954 amicis
387 1923 473 1952 esse
506 1907 658 1950 similis
690 1912 731 1949 et
763 1908 846 1949 cito
874 1906 1058 1962 aliquem
1087 1904 1298 1948 deserere?
1347 1904 1501 1948 Curare
1530 1919 1676 1961 corpus
1703 1909 1783 1960 est,

207 1982 350 2035 credo,
384 1982 428 2022 in
458 1983 599 2021 nostra
630 1981 836 2033 potestate
870 1983 911 2019 et
944 1979 1078 2019 cuivis
1111 1978 1240 2018 aetati
1271 1978 1502 2031 proprium.

265 2052 543 2095 Manifestum
587 2054 649 2091 est
689 2062 736 2090 ea
779 2049 861 2089 dici
905 2048 955 2089 de
997 2062 1040 2089 re
1084 2061 1189 2102 quae
1226 2049 1308 2089 cito
1340 2047 1526 2089 nolentes
1559 2051 1600 2089 et
1629 2049 1785 2090 invitos

207 2125 409 2166 destituat
453 2125 495 2163 et
526 2121 697 2162 retineri
723 2133 803 2161 non
838 2120 990 2174 possit,
1017 2122 1066 2159 ut
1090 2118 1164 2159 flos
1193 2121 1233 2159 et
1259 2118 1386 2159 robur
1411 2117 1596 2160 florentis
1622 2121 1785 2160 aetatis.

208 2194 318 2246 Quid
345 2190 510 2234 multa?
543 2205 615 2246 pro
646 2189 885 2240 ἐπιμελείας
913 2189 1222 2231 restituendum
1249 2192 1311 2230 est
1338 2187 1521 2242 εὐεξίαςξ
1554 2188 1623 2230 Sic
1646 2191 1786 2231 omnia

207 2265 318 2307 clara
363 2267 404 2305 61
446 2263 664 2318 perspicua
702 2264 821 2311 sunt,
855 2274 1037 2315 namque
1071 2260 1091 2307 ἡ
1126 2258 1263 2308 εὐεξία
1296 2261 1547 2314 temporaria
1579 2264 1620 2302 61
1647 2261 1786 2302 brevis

209 2338 294 2385 est,
339 2335 427 2375 sive
469 2347 562 2374 eam
601 2333 926 2387 intemperantia
967 2331 1220 2372 absumserit
1265 2330 1329 2385 (ut
1370 2333 1480 2372 recte
1521 2330 1786 2388 Pythagoras

209 2407 405 2449 admonet
435 2405 480 2444 in
511 2404 533 2457 ξ
567 2402 666 2444 210.
701 2402 903 2454 ἀκρασίαν
935 2400 1028 2451 ἅμα
1062 2401 1128 2442 καὶ
1163 2399 1320 2450 εὐεξίαν
1355 2403 1395 2442 οὐ
1429 2400 1537 2442 πάνυ
1571 2401 1785 2451 γίγνεσθαι

207 2477 294 2528 περὶ
339 2476 405 2517 τὸν
451 2472 591 2527 αὐτόν)
635 2475 723 2515 sive
761 2488 854 2515 eam
886 2475 1181 2529 ingravescens
1212 2475 1324 2513 aetas
1357 2471 1592 2513 abstulerit.
1658 2472 1787 2527 Prop-

208 2552 320 2590 terea
349 2544 475 2588 malis
507 2545 654 2585 amicis
687 2544 842 2586 similis
874 2558 960 2586 esse
993 2544 1147 2585 dicitur
1179 2546 1221 2584 et
1252 2544 1334 2584 cito
1365 2541 1550 2597 aliquem
1588 2543 1784 2584 deserere.

267 2687 317 2728 In
356 2686 379 2740 ξ
423 2684 491 2726 43.
525 2684 596 2730 την
629 2683 669 2724 δὲ
706 2683 927 2737 (παιδείαν)
964 2683 1129 2726 δυνατὸν
1163 2682 1262 2724 εἶναι
1298 2683 1366 2724 καὶ
1402 2686 1494 2734 παρ’
1529 2682 1658 2734 ἐτέρου
1691 2689 1785 2724 ΠΛ-

210 2757 431 2808 ΡΑλαβεῖν
464 2754 531 2796 καὶ
567 2753 632 2795 τὸν
666 2753 784 2794 δύντα
818 2754 938 2803 μηδὲν
971 2753 1085 2803 ἧττον
1120 2754 1242 2795 αὐτὸν
1277 2753 1402 2806 ἔχειν.
1449 2753 1556 2794 Vera
1582 2755 1787 2808 scriptura

207 2832 251 2872 in
282 2829 329 2869 F.
363 2832 526 2869 servata
557 2828 642 2866 est:
677 2827 772 2875 παρ’
808 2824 937 2875 ἑτέρου
970 2824 1305 2874 ΜΕΤΑλαβεῖν,
1340 2837 1521 2879 namque
1554 2824 1786 2866 doctrinam

209 2901 281 2955 qui
311 2898 438 2939 habet
469 2895 737 2946 μεταδίδωσι,
772 2896 844 2950 qui
877 2896 1028 2950 accipit
1061 2893 1400 2946 μεταλαμβάνει.
