1946 3298
953 147 1039 188 438

212 277 454 324 διδασκαλος
486 274 667 327 γέγονεν.
710 271 904 315 Vidimus
937 285 984 313 ea
1011 285 1115 326 quae
1143 285 1193 313 ex
1219 271 1410 314 Neanthe
1440 270 1498 328 (et
1522 269 1780 327 Hippoboto)

216 349 444 392 afferuntur
475 361 525 388 ex
555 343 804 388 Nicomachi
833 342 953 384 libris
984 341 1176 390 fluxisse,
1212 344 1281 384 cui
1307 356 1463 399 magna
1489 356 1584 398 pars
1612 342 1786 384 debetur

217 433 387 467 eorum,
423 430 527 473 quae
558 413 817 461 lamblichus
850 417 890 455 et
921 412 1183 468 Porphyrius
1213 412 1370 454 habent
1400 412 1654 455 communia.

275 488 450 530 Pronior
481 500 574 527 sum
606 486 734 526 etiam
765 485 809 526 in
842 497 932 525 eam
967 484 1216 524 sententiam
1247 486 1296 524 ut
1320 483 1556 524 existimem
1584 481 1789 537 quidquid

217 558 326 614 apud
367 555 651 599 Iamblichum
696 558 737 597 et
777 554 1063 609 Porphyrium
1104 553 1256 594 iisdem
1298 553 1437 596 verbis
1476 557 1668 594 narretur
1700 554 1788 594 sine

218 629 458 683 exceptione
499 627 640 668 omnia
675 639 761 667 esse
792 623 1063 673 Nicomachi,
1109 637 1234 678 quem
1264 628 1439 678 uterque
1470 637 1513 665 se
1545 624 1661 677 sequi
1694 636 1790 665 auc-

217 704 352 741 torem
384 698 536 739 diserte
566 695 796 751 profitetur.
845 694 1006 736 Eadem
1037 694 1138 736 haec
1171 695 1313 736 omnia
1345 694 1632 736 demonstrant
1663 706 1790 748 quam

217 768 327 811 nihil
358 769 414 810 sit
445 766 700 809 Nicomacho
733 765 996 807 credendum.

278 839 340 881 De
387 837 543 893 Lyside
588 836 857 892 Pythagoreo
903 835 1217 890 Epaminondae
1264 838 1528 890 praeceptore
1568 833 1687 876 nulla
1729 836 1792 875 est

220 910 428 952 dubitatio
461 911 501 949 et
531 907 642 949 Vidit
673 906 926 948 Plutarchus
958 905 1112 947 Thebis
1143 906 1187 946 τὸ
1221 909 1290 946 τοῦ
1324 905 1494 951 Λύσιδος
1525 910 1716 954 μνημεῖον
1744 904 1792 945 de

215 983 329 1033 yenio
373 979 548 1020 Socratis
586 991 682 1034 pag.
719 975 804 1018 578
823 992 852 1017 e.
919 974 1092 1018 Confusi
1132 979 1228 1017 sunt
1258 976 1339 1017 duo
1370 974 1610 1030 philosophi
1642 987 1792 1031 cogno-

218 1051 371 1092 mines:
406 1052 455 1090 ut
487 1052 604 1090 erant
636 1048 717 1088 duo
749 1047 974 1102 Archytae,
1007 1046 1088 1087 duo
1115 1046 1322 1096 Philolai,
1358 1046 1439 1088 duo
1471 1045 1626 1101 Euryti
1657 1048 1793 1087 aetate

219 1120 395 1169 diversi,
441 1120 498 1160 sic
538 1118 618 1159 duo
661 1117 765 1159 olim
808 1117 985 1172 Lysides
1029 1116 1224 1166 fuerunt,
1270 1129 1448 1171 quorum
1491 1115 1597 1157 alter
1627 1115 1793 1157 iuvenis

219 1204 361 1232 senem
403 1188 695 1244 Pythagoram
738 1187 882 1228 audire
921 1188 1082 1241 potuit,
1128 1186 1234 1228 alter
1269 1187 1343 1228 diu
1373 1190 1467 1241 post
1497 1188 1541 1228 in
1571 1184 1794 1228 Graeciam

222 1274 268 1302 ac
297 1259 461 1301 Thebas
487 1259 739 1315 migraverit
747 1271 757 1308 ;
793 1271 895 1312 quos
927 1256 1097 1312 quidem
1127 1257 1410 1299 Nicomachus
1443 1261 1485 1298 et
1511 1256 1792 1306 Iambliohus,

223 1335 265 1372 et
297 1331 333 1372 si
363 1330 435 1384 qui
466 1333 564 1370 sunt
594 1328 662 1369 his
693 1327 876 1378 similes,
921 1327 1170 1369 confundere
1200 1331 1452 1383 potuerunt,
1485 1327 1556 1369 sed
1586 1328 1796 1370 Aristoxe-

221 1414 301 1443 nus
332 1413 413 1442 non
440 1400 591 1454 potuit.

284 1540 456 1583 Saniora
498 1543 595 1581 sunt
635 1542 676 1581 et
708 1540 954 1581 Aristoxeno
998 1540 1151 1596 digna,
1195 1554 1299 1594 quae
1331 1539 1533 1597 leguntur
1562 1541 1607 1582 in
1637 1541 1660 1594 ξ
1695 1537 1795 1582 249.

224 1612 275 1655 de
321 1614 456 1653 morte
501 1609 793 1665 Pythagorae:
839 1610 856 1650 ὁ
900 1610 974 1659 μὲν
1021 1607 1084 1651 οὖν
1128 1610 1370 1662 Πυθαγόρας
1416 1611 1483 1652 δια
1527 1611 1682 1659 ταύτην
1725 1611 1797 1658 τὴν

225 1682 362 1724 αἰτίαν
408 1680 588 1737 (propter
635 1680 789 1734 cylonis
828 1680 905 1720 vim
947 1685 983 1721 et
1014 1680 1294 1734 impotentiam)
1329 1682 1511 1729 ἀπῆλθεν
1543 1681 1598 1728 εἷς
1631 1679 1676 1722 τὸ
1710 1686 1798 1722 Με-

224 1752 439 1795 ταπόντιον
472 1751 594 1792 κοὶκεῖ
619 1749 793 1800 λέγεται
828 1750 1088 1803 καταςρέψαι
1123 1752 1189 1792 τὸν
1222 1751 1322 1802 βίον.
1358 1757 1399 1793 et
1431 1756 1493 1794 est
1525 1765 1573 1793 ea
1609 1754 1800 1793 constans

224 1824 310 1866 fere
343 1823 531 1864 omnium
560 1821 687 1862 fama.
749 1820 936 1863 Iustinus
968 1821 1066 1863 XX.
1102 1821 1138 1862 4.
1174 1823 1421 1877 Pytbayoras
1452 1837 1535 1863 cum
1567 1837 1689 1863 annos
1715 1820 1802 1863 XX

233 1893 403 1937 Crotone
445 1892 581 1944 eyisset
622 1891 895 1945 flletapontum
936 1892 1120 1944 miqravit
1163 1893 1293 1947 ibique
1335 1893 1510 1934 decessit.
1570 1891 1715 1935 Cicero
1759 1895 1803 1933 de

227 1965 319 2007 Fin.
353 1961 402 2004 V.
438 1961 478 2003 2.
512 1963 587 2002 scis
615 1962 715 2002 enim
748 1977 805 2003 me
834 1963 997 2016 quodam
1026 1969 1191 2016 tempore
1218 1963 1489 2018 Metapontum
1510 1963 1659 2005 venisse
1681 1968 1803 2005 tecum

227 2050 298 2077 nec
329 2034 383 2074 ad
407 2034 590 2086 hospitem
621 2037 709 2073 ante
740 2032 945 2073 divertisse
971 2047 1084 2087 quam
1109 2033 1361 2088 Pytlzaqorae
1388 2035 1511 2088 ipsum
1538 2034 1652 2074 illum
1680 2034 1803 2076 locum

228 2106 296 2147 ubi
328 2108 445 2145 vitam
478 2102 654 2143 ediderat
685 2103 883 2156 sedemque
916 2103 1094 2144 viderim.
1157 2102 1239 2145 Sed
1272 2104 1371 2146 audi
1403 2104 1504 2159 quid
1537 2103 1678 2146 afferat
1703 2104 1803 2146 Por-

227 2176 406 2232 phyrius
449 2187 499 2214 ex
536 2171 790 2214 Dicaearcho
833 2174 876 2213 in
909 2173 931 2227 ξ
965 2171 1033 2215 57.
1069 2173 1107 2214 ἐν
1140 2173 1179 2214 δὲ
1213 2180 1263 2226 τῇ
1296 2173 1383 2226 περὶ
1417 2174 1702 2216 Μεταπόντιον
1732 2173 1800 2216 καὶ

229 2243 472 2295 Πυθαγόραν
505 2242 628 2283 αὐτὸν
659 2242 821 2293 λέγουσι
858 2248 1103 2291 τελευτῆσαι
1136 2243 1442 2295 καταφυγόντα
1470 2244 1535 2286 ἐπὶ
1563 2245 1607 2286 τὸ
1634 2247 1804 2287 Μουσῶν

233 2317 331 2368 ἱερὸν
375 2313 519 2356 σπάνει
563 2317 639 2354 τῶν
681 2313 918 2363 ἀναγκαίων
963 2313 1269 2364 τεσσαράκοντα
1313 2315 1464 2364 ἡμέρας
1511 2315 1801 2368 διαμείναντα,

234 2400 339 2442 quae
372 2383 669 2427 confirmantur
698 2385 941 2425 testimonio
973 2383 1174 2440 Diogenis
1201 2384 1359 2426 La'ertii
1385 2384 1496 2426 VIII.
1529 2385 1599 2427 40.
1632 2385 1733 2437 φησὶ
1764 2384 1804 2425 δὲ

235 2456 488 2506 Δικαίαρχος
521 2453 587 2494 τὸν
621 2453 862 2504 Πυθαγόραν
894 2454 1109 2495 ἀποθανεῖν
1141 2454 1450 2507 καταφυγόντα
1483 2456 1537 2502 εἷς
1571 2455 1616 2496 τὸ
1649 2456 1688 2497 ἐν
1718 2461 1806 2497 Με-

235 2526 439 2576 ταποντίῳ
489 2523 586 2574 ἱερὸν
633 2527 708 2564 τῶν
756 2528 927 2565 Μουσῶν
976 2524 1284 2576 τετταράκοντα
1334 2525 1485 2576 ἡμέρας
1533 2525 1805 2573 ἀσιτήσαντα.

233 2596 444 2639 Haeccine
468 2607 616 2635 sanum
635 2608 681 2635 ac
708 2595 895 2636 sobrium
921 2595 1157 2644 hominem,
1185 2595 1341 2637 nedum
1366 2595 1684 2650 Dicaearchum,
1702 2597 1807 2637 serio

236 2666 414 2709 scribere
460 2665 645 2718 posuisse
691 2663 918 2718 putemus?
981 2664 1212 2706 Hominem
1261 2669 1395 2707 aetate
1442 2670 1687 2720 provectum
1736 2679 1809 2720 per

236 2746 533 2786 QUADRAGINTA
565 2733 652 2774 dies
676 2734 859 2775 inediam
884 2733 1146 2777 toleravisse!
1183 2734 1410 2792 Menagius
1437 2735 1488 2776 ad
1513 2734 1638 2792 Diog.
1666 2735 1804 2778 Laert.

233 2807 288 2850 II.
320 2804 420 2846 143.
462 2807 685 2859 postquam
723 2817 772 2845 ex
803 2803 1059 2859 Hippocrate
1092 2805 1233 2847 docuit
1265 2805 1330 2846 die
1363 2805 1495 2847 ferme
1525 2805 1682 2859 septimo
1713 2806 1806 2852 τοὺς

234 2877 608 2927 οἶποκαρτεροῦντας
652 2874 802 2923 emori,
848 2878 896 2915 ut
940 2878 1001 2916 est
1043 2875 1233 2917 omnium
1277 2874 1499 2917 hominum
1541 2875 1804 2925 εὐηθέςατος,
