1946 3298
951 163 1038 207 410

265 291 313 333 In
354 293 377 348 ἓ
415 291 515 335 266.
548 296 631 337 τοῖς
664 290 698 332 δ’
731 288 872 336 ἄλλοις
905 289 986 336 ἔθος
1019 287 1120 330 εἶναι
1153 295 1334 340 γηραιοῖς
1367 289 1525 342 σφόδρα
1558 289 1781 341 γενομένοις

206 361 336 413 ὥσπερ
369 363 412 403 ἐκ
445 362 599 411 δεσμῶν
634 363 702 402 τοῦ
736 361 924 410 σώματος
955 358 1319 401 ἀπαλλάττεσθαι.
1373 360 1455 412 Qui
1485 361 1587 402 haec
1619 363 1785 416 scripsit

204 432 425 475 flosculum
469 432 673 486 decerpsit
713 445 763 472 ex
804 431 993 472 Platonis
1035 431 1243 470 Phaedone
1278 444 1374 487 pag.
1410 430 1464 472 67
1483 433 1522 472 d.
1556 431 1680 472 ἐθίσαι
1714 433 1784 478 την

203 505 346 554 ψυχήν
388 503 506 544 οἰκεῖν
550 502 638 542 καθ’
682 501 808 549 αὐτην
851 500 1090 549 ἐκλυομένην
1136 498 1266 550 ὥσπερ
1313 501 1358 540 ἐκ
1401 501 1555 550 δεσμῶν
1602 502 1680 555 [ἐκ]
1715 504 1784 542 τοῦ

207 574 410 623 σώματος.
475 569 560 613 Gur
602 571 781 613 secunda
822 572 1072 626 praepositio
1118 572 1326 612 removeri
1369 571 1517 612 debeat
1548 571 1710 613 ostendi
1740 572 1786 611 in

215 642 307 684 Var.
355 642 477 683 Lectt.
526 656 624 697 pag.
669 640 754 682 164
773 655 832 696 sq.
873 655 1005 695 neque
1047 640 1168 682 ahter
1209 641 1255 681 in
1294 642 1381 682 suis
1422 640 1542 682 libris
1581 642 1787 696 seriptum

207 713 408 768 reperisse
439 711 725 754 Iambliehum
757 712 859 754 haee
891 713 982 766 ipsa
1012 712 1196 752 imitatio
1229 710 1424 753 declarat.

268 853 320 895 In
364 854 386 908 ξ
429 851 530 894 266.
563 853 772 894 eximium
803 851 977 893 lacunae
1008 849 1351 905 supplementum
1383 848 1496 891 solus
1527 849 1575 892 F.
1607 849 1786 892 obtulit:

211 949 265 955 ——-
286 923 353 965 δια
395 925 467 971 την
508 922 652 965 σπάνιν
697 927 772 964 τῶν
807 923 844 963 ἐν
877 923 930 974 τῷ
966 921 1173 970 συςήματι
1207 922 1480 962 ἈΝΔΡΩΝ.
1517 917 1627 966 οὗτος
1660 920 1700 961 δὲ
1733 921 1788 966 εἷς

209 996 281 1044 την
327 993 486 1036 ἐλλάδα
531 994 756 1035 ἐπανελθὼν
798 992 954 1034 διέδωκε
997 992 1073 1038 τας
1108 993 1380 1042 πυθαγορείας
1413 990 1568 1043 φωνάς.
1601 990 1787 1042 ζηλωτάς

208 1065 248 1107 δὲ
296 1064 474 1117 γράφειν
526 1064 616 1120 (010)
659 1064 847 1115 γενέσθαι
891 1068 966 1106 τῶν
1010 1066 1267 1104 ἈΝΔΡΩΝ
1312 1061 1400 1113 περ)
1448 1063 1521 1110 μὲν
1571 1061 1790 1113 ήράκλειαν

209 1136 386 1178 κλεινίαν
421 1135 488 1177 καὶ
523 1134 737 1187 φιλόλαον.
803 1134 1017 1189 Quidquid
1047 1135 1157 1175 inter
1187 1134 1331 1184 άνδρῶν
1352 1158 1405 1163 -
1425 1132 1569 1183 ἀνδρῶν
1601 1132 1789 1174 medium

209 1211 271 1249 est
303 1208 347 1248 in
381 1206 632 1263 apographis
664 1205 933 1248 desideratur.
1001 1204 1049 1245 In
1079 1204 1146 1245 his
1179 1203 1493 1259 corrigendum:
1528 1202 1714 1254 ζηλωτὰς
1748 1202 1789 1244 δὲ

210 1277 385 1330 γράφΕΙ
419 1277 606 1328 γενέσθαι
639 1280 715 1316 τῶν
743 1276 901 1326 ἀνδρῶν.
950 1274 1012 1316 De
1040 1274 1220 1315 Diodoro
1247 1274 1456 1328 Aspendio
1483 1272 1593 1313 1111111
1619 1274 1790 1315 omnino

211 1349 414 1390 sciremus
448 1349 756 1402 (praeterquam
789 1360 839 1387 ex
870 1344 960 1386 11.1.
995 1346 1040 1385 111
1072 1358 1152 1399 quo
1185 1347 1355 1399 apparet
1383 1343 1600 1385 hominem
1630 1343 1791 1385 1111111110

211 1420 337 1474 pretii
367 1419 496 1460 fuisse
528 1420 744 1472 receptum
778 1430 802 1458 a
827 1415 1109 1472 Pythagoreis
1136 1418 1229 1469 quia
1254 1429 1332 1455 non
1359 1421 1472 1455 erant
1498 1414 1572 1454 abii
1598 1414 1789 1467 meliores)

212 1490 295 1531 nisi
326 1489 566 1531 Athenaeus
599 1501 646 1530 ea
680 1501 784 1542 quae
817 1501 867 1528 ex
900 1487 1016 1528 varia
1050 1488 1091 1527 et
1123 1485 1271 1526 diffusa
1302 1484 1479 1526 lectione
1511 1484 1561 1526 de
1593 1498 1639 1526 eo
1671 1483 1792 1526 00110-

208 1561 341 1616 gisset
384 1562 537 1614 scripto
579 1558 819 1600 mandasset
856 1571 951 1613 pag.
996 1555 1079 1597 163
1098 1557 1132 1597 b.
1196 1555 1355 1597 Attulit
1400 1557 1525 1597 scitos
1564 1554 1793 1598 versiculos

209 1631 470 1673 Archestrati
500 1629 645 1670 11000οε

393 1698 466 1745 ῶςε
500 1700 641 1751 πρέπει
676 1698 855 1751 καθαρῶς
888 1696 1021 1739 ὁπόσοι
1057 1695 1158 1738 τάδε
1189 1699 1486 1748 μωρολογοῦσιν

391 1778 473 1819 τοῖς
503 1770 703 1823 λαχάνοις
738 1769 959 1822 προσάγειν
992 1768 1061 1810 καὶ
1095 1768 1190 1820 πρὸς
1224 1767 1413 1818 Διόδωρον
1447 1766 1579 1813 ἰόντας

393 1843 459 1884 τὸν
493 1841 616 1894 σοφὸν
651 1840 879 1893 ἐγκρατέως
913 1838 1006 1889 μετ’
1039 1840 1188 1881 ἐκείνου
1219 1837 1512 1890 πυθαγορίζειν.

212 1918 253 1957 et
295 1914 397 1956 haec
440 1913 680 1955 annotavit:
716 1910 760 1960 ἦν
792 1911 826 1953 δ’
859 1910 875 1952 ὁ
911 1909 1101 1962 Διόδωρος
1135 1906 1247 1955 οὗτος
1279 1909 1323 1950 τὸ
1357 1909 1429 1959 μὲν
1462 1907 1574 1958 γένος
1618 1905 1793 1948 Ἀσπέν-

211 1986 313 2035 διος,
363 1984 635 2035 Πυθαγορικὸς
683 1983 723 2024 δὲ
769 1981 885 2031 δόξας
930 1978 1030 2022 εἶναι
1076 1981 1181 2030 ὑμῶν
1226 1984 1301 2021 τῶν
1345 1983 1506 2020 κυνικῶν
1549 1977 1691 2029 τρόπον
1725 1975 1791 2029 ἔζη

212 2061 344 2106 κομῶν
403 2055 469 2096 καὶ
526 2056 654 2106 ῥυπῶν
703 2053 768 2094 καὶ
820 2052 1100 2101 άνυποδητῶν,
1150 2050 1234 2092 ἕθεν
1295 2049 1362 2091 καὶ
1421 2047 1694 2099 Πυθαγορικὸν
1748 2047 1793 2089 τὸ

211 2133 282 2175 τῆς
329 2124 452 2175 κόμης
500 2123 637 2172 ἔδοξαν
677 2121 782 2172 εἷναί
823 2139 925 2169 τινες
971 2121 1052 2163 άπὸ
1106 2124 1175 2163 τοῦ
1225 2120 1416 2170 Διοδώρου
1464 2118 1691 2171 προαχθέν,
1743 2117 1791 2166 ὥς

213 2202 336 2250 φησιν
382 2194 629 2246 Ἕρμιππος.
695 2193 917 2235 Praeterea
960 2193 1075 2234 affert
1103 2192 1244 2234 locum
1286 2190 1506 2233 Sosieratis
1549 2204 1573 2232 a
1605 2189 1792 2246 Diogene

213 2267 381 2309 Laertio
429 2280 591 2322 quoque
632 2264 858 2319 prolatum.
937 2264 1145 2305 Athenaei
1186 2263 1314 2305 verba
1356 2262 1457 2304 haee
1501 2264 1615 2303 sunt:
1667 2267 1794 2303 Σωσι-

212 2338 362 2389 κράτης
417 2335 454 2377 δ’
510 2337 548 2378 ἐν
599 2338 717 2388 τρίτῳ
779 2334 1015 2387 φιλοσόφων
1065 2334 1256 2386 διαδοχῆς
1311 2332 1437 2383 βαθεῖ
1481 2332 1639 2381 πώγωνι
1694 2332 1794 2383 χρή-

214 2409 361 2449 σασθαι
407 2408 472 2448 τὸν
517 2407 707 2458 Διόδωρον
749 2407 873 2457 ἱςορεῖ
907 2405 974 2446 καὶ
1008 2404 1188 2456 τρίβωνα
1220 2403 1452 2453 ἀναλαβεῖν
1484 2402 1610 2453 κόμην
1643 2419 1688 2444 τε
1721 2407 1794 2455 φο-

213 2483 329 2530 ρῆσαι
364 2476 474 2518 κατά
507 2494 598 2518 τινα
630 2481 760 2529 τῦφον
792 2478 863 2525 τήν
897 2476 1149 2523 ἐπιτήδευσιν
1181 2475 1336 2523 ταύτην
1366 2472 1689 2526 προσαγαγόντα
1718 2477 1794 2515 τῶν

213 2548 285 2600 πρὸ
335 2549 459 2589 αὐτοῦ
509 2548 790 2598 Πυθαγορικῶν
839 2550 1016 2599 λαμπρᾷ
1065 2562 1110 2587 τε
1157 2546 1288 2593 ἐσθῆτι
1341 2544 1674 2597 άμφιεννυμένων
1721 2542 1790 2585 καὶ

213 2623 390 2670 λουτροῖς
424 2617 490 2658 καὶ
526 2618 760 2666 ἀλείμμασι
796 2621 914 2670 κουρᾷ
949 2632 994 2657 τε
1022 2623 1071 2669 τῇ
1106 2617 1259 2663 συνήθει
1294 2617 1523 2667 χρωμένων.
1583 2614 1792 2670 Diogenes

212 2689 281 2732 VI.
318 2688 386 2730 13.
422 2691 571 2738 πρῶτος
608 2688 888 2742 (Antisthenes)
923 2686 1121 2728 ἐδίπλωσε
1153 2686 1219 2727 τὸν
1259 2684 1789 2737 τρίβωνα-«Σωσικράτης

213 2760 246 2802 δ’
281 2760 319 2802 ἐν
351 2759 462 2811 τρίτη
496 2758 709 2810 Διαδοχῶν
745 2757 935 2808 Διόδωρον
967 2757 1034 2798 τὸν
1064 2756 1321 2806 Ἀσπένδιον,
1356 2755 1423 2797 καὶ
1459 2755 1633 2805 πώγωνα
1663 2755 1793 2797 καθεῖ-

215 2848 275 2875 ναι
319 2830 384 2871 καὶ
430 2827 596 2880 βάκτρῳ
640 2827 708 2868 καὶ
752 2829 859 2880 πήρα
895 2828 1083 2878 χρῆσθαι.
1149 2827 1232 2870 Sed
1263 2827 1474 2882 imprimis
1505 2825 1794 2869 memorabilis

213 2903 330 2947 100110
371 2903 434 2943 est
474 2899 639 2941 Timaei
680 2898 790 2953 apud
832 2898 1099 2941 Athenaeum
1146 2912 1241 2954 pag.
1289 2895 1371 2939 163
1389 2911 1423 2938 e.
1469 2897 1646 2946 Τίμαιος
1693 2896 1726 2938 δ’
1776 2888 1794 2930 ὅ
