<?xml version="1.0" encoding="UTF-8"?>
<!DOCTYPE html PUBLIC "-//W3C//DTD XHTML 1.0 Transitional//EN"
    "http://www.w3.org/TR/xhtml1/DTD/xhtml1-transitional.dtd">
<html xmlns="http://www.w3.org/1999/xhtml" xml:lang="en" lang="en">
 <head>
  <title>
</title>
<meta http-equiv="Content-Type" content="text/html;charset=utf-8" />
  <meta name='ocr-system' content='tesseract 3.04.00' />
  <meta name='ocr-capabilities' content='ocr_page ocr_carea ocr_par ocr_line ocrx_word'/>
</head>
<body>
  <div class='ocr_page' id='page_1' title='image "./collectaneacriti00cobeuoft_0020.png"; bbox 0 0 1946 3298; ppageno 0'>
   <div class='ocr_carea' id='block_1_1' title="bbox 1023 153 1050 195">
    <p class='ocr_par' dir='ltr' id='par_1_1' title="bbox 1023 153 1050 195">
     <span class='ocr_line' id='line_1_1' title="bbox 1023 153 1050 195; baseline 0 0"><span class='ocrx_word' id='word_1_1' title='bbox 1023 153 1050 195; x_wconf 79' lang='lat'>2</span> 
     </span>
    </p>
   </div>
   <div class='ocr_carea' id='block_1_2' title="bbox 252 266 1842 2088">
    <p class='ocr_par' dir='ltr' id='par_1_2' title="bbox 255 266 1829 608">
     <span class='ocr_line' id='line_1_2' title="bbox 255 266 1825 336; baseline -0.01 -12"><span class='ocrx_word' id='word_1_2' title='bbox 255 282 354 323; x_wconf 86' lang='lat' dir='ltr'>tatis</span> <span class='ocrx_word' id='word_1_3' title='bbox 397 294 498 322; x_wconf 84' lang='lat' dir='ltr'>usus</span> <span class='ocrx_word' id='word_1_4' title='bbox 538 285 580 323; x_wconf 90' lang='lat' dir='ltr'>et</span> <span class='ocrx_word' id='word_1_5' title='bbox 620 283 726 323; x_wconf 82' lang='lat' dir='ltr'>ratio</span> <span class='ocrx_word' id='word_1_6' title='bbox 768 279 952 336; x_wconf 75' lang='lat' dir='ltr'>postulet</span> <span class='ocrx_word' id='word_1_7' title='bbox 984 281 1058 321; x_wconf 87' lang='lat' dir='ltr'>aut</span> <span class='ocrx_word' id='word_1_8' title='bbox 1086 277 1213 326; x_wconf 55' lang='lat' dir='ltr'>feram</span> <span class='ocrx_word' id='word_1_9' title='bbox 1248 278 1290 317; x_wconf 88' lang='lat' dir='ltr'>et</span> <span class='ocrx_word' id='word_1_10' title='bbox 1321 273 1423 329; x_wconf 84' lang='lat' dir='ltr'>quid</span> <span class='ocrx_word' id='word_1_11' title='bbox 1453 271 1657 314; x_wconf 85' lang='lat' dir='ltr'>sententia</span> <span class='ocrx_word' id='word_1_12' title='bbox 1687 282 1736 310; x_wconf 83' lang='lat' dir='ltr'>ex</span> <span class='ocrx_word' id='word_1_13' title='bbox 1768 266 1825 309; x_wconf 87' lang='lat' dir='ltr'>la·</span> 
     </span>
     <span class='ocr_line' id='line_1_3' title="bbox 255 339 1829 405; baseline -0.01 -13"><span class='ocrx_word' id='word_1_14' title='bbox 255 352 357 392; x_wconf 88' lang='lat' dir='ltr'>ceris</span> <span class='ocrx_word' id='word_1_15' title='bbox 387 349 550 392; x_wconf 87' lang='lat' dir='ltr'>laciniis</span> <span class='ocrx_word' id='word_1_16' title='bbox 582 350 756 393; x_wconf 86' lang='lat' dir='ltr'>collecta</span> <span class='ocrx_word' id='word_1_17' title='bbox 786 351 972 405; x_wconf 86' lang='lat' dir='ltr'>requirat</span> <span class='ocrx_word' id='word_1_18' title='bbox 999 351 1071 390; x_wconf 87' lang='lat' dir='ltr'>aut</span> <span class='ocrx_word' id='word_1_19' title='bbox 1097 349 1277 400; x_wconf 85' lang='lat' dir='ltr'>respuat.</span> <span class='ocrx_word' id='word_1_20' title='bbox 1333 342 1398 385; x_wconf 87' lang='lat' dir='ltr'>Ita</span> <span class='ocrx_word' id='word_1_21' title='bbox 1425 342 1597 384; x_wconf 90' lang='lat' dir='ltr'>demum</span> <span class='ocrx_word' id='word_1_22' title='bbox 1624 339 1829 392; x_wconf 88' lang='lat' dir='ltr'>scriptura</span> 
     </span>
     <span class='ocr_line' id='line_1_4' title="bbox 255 409 1828 476; baseline -0.01 -13"><span class='ocrx_word' id='word_1_23' title='bbox 255 423 321 471; x_wconf 88' lang='grc'>(111</span> <span class='ocrx_word' id='word_1_24' title='bbox 351 422 413 462; x_wconf 89' lang='grc'>113</span> <span class='ocrx_word' id='word_1_25' title='bbox 444 420 596 476; x_wconf 82' lang='grc'>11103111)</span> <span class='ocrx_word' id='word_1_26' title='bbox 627 423 903 462; x_wconf 71' lang='lat' dir='ltr'><strong>intermortua</strong></span> <span class='ocrx_word' id='word_1_27' title='bbox 934 418 1151 460; x_wconf 75' lang='lat' dir='ltr'>reviviscit</span> <span class='ocrx_word' id='word_1_28' title='bbox 1182 418 1403 470; x_wconf 82' lang='lat' dir='ltr'>postquam</span> <span class='ocrx_word' id='word_1_29' title='bbox 1436 424 1580 454; x_wconf 88' lang='lat' dir='ltr'>veram</span> <span class='ocrx_word' id='word_1_30' title='bbox 1603 409 1828 451; x_wconf 81' lang='lat' dir='ltr'>lectionem</span> 
     </span>
     <span class='ocr_line' id='line_1_5' title="bbox 255 489 1050 547; baseline -0.005 -15"><span class='ocrx_word' id='word_1_31' title='bbox 255 492 577 547; x_wconf 77' lang='lat' dir='ltr'>excogitaveris,</span> <span class='ocrx_word' id='word_1_32' title='bbox 611 504 693 544; x_wconf 89' lang='lat' dir='ltr'>qua</span> <span class='ocrx_word' id='word_1_33' title='bbox 725 489 855 532; x_wconf 87' lang='lat' dir='ltr'>semel</span> <span class='ocrx_word' id='word_1_34' title='bbox 887 491 1050 543; x_wconf 79' lang='lat' dir='ltr'>reperta</span> 
     </span>
     <span class='ocr_line' id='line_1_6' title="bbox 557 551 1521 608; baseline -0.01 -7"><span class='ocrx_word' id='word_1_35' title='bbox 557 561 756 601; x_wconf 78' lang='lat' dir='ltr'>verborum</span> <span class='ocrx_word' id='word_1_36' title='bbox 786 559 999 600; x_wconf 68' lang='lat' dir='ltr'>simulacra</span> <span class='ocrx_word' id='word_1_37' title='bbox 1031 556 1152 597; x_wconf 76' lang='lat' dir='ltr'>modis</span> <span class='ocrx_word' id='word_1_38' title='bbox 1175 553 1377 608; x_wconf 75' lang='lat' dir='ltr'>pallentia</span> <span class='ocrx_word' id='word_1_39' title='bbox 1409 551 1521 592; x_wconf 71' lang='lat' dir='ltr'>miris</span> 
     </span>
    </p>

    <p class='ocr_par' dir='ltr' id='par_1_3' title="bbox 252 618 1840 1876">
     <span class='ocr_line' id='line_1_7' title="bbox 254 618 1829 681; baseline -0.008 -10"><span class='ocrx_word' id='word_1_40' title='bbox 254 629 450 672; x_wconf 86' lang='lat' dir='ltr'>stabilem</span> <span class='ocrx_word' id='word_1_41' title='bbox 482 630 661 672; x_wconf 84' lang='lat' dir='ltr'>formam</span> <span class='ocrx_word' id='word_1_42' title='bbox 693 632 913 671; x_wconf 90' lang='lat' dir='ltr'>assumunt</span> <span class='ocrx_word' id='word_1_43' title='bbox 945 632 1067 681; x_wconf 85' lang='lat' dir='ltr'>teque</span> <span class='ocrx_word' id='word_1_44' title='bbox 1099 638 1247 667; x_wconf 84' lang='lat' dir='ltr'>verum</span> <span class='ocrx_word' id='word_1_45' title='bbox 1279 623 1435 665; x_wconf 83' lang='lat' dir='ltr'>vidisse</span> <span class='ocrx_word' id='word_1_46' title='bbox 1467 619 1630 676; x_wconf 91' lang='lat' dir='ltr'>liquido</span> <span class='ocrx_word' id='word_1_47' title='bbox 1661 618 1829 660; x_wconf 91' lang='lat' dir='ltr'>demon-</span> 
     </span>
     <span class='ocr_line' id='line_1_8' title="bbox 252 687 1828 755; baseline -0.008 -13"><span class='ocrx_word' id='word_1_48' title='bbox 252 703 399 742; x_wconf 88' lang='lat' dir='ltr'>strant.</span> <span class='ocrx_word' id='word_1_49' title='bbox 464 699 512 740; x_wconf 90' lang='lat' dir='ltr'>In</span> <span class='ocrx_word' id='word_1_50' title='bbox 542 701 678 755; x_wconf 89' lang='lat' dir='ltr'>primo</span> <span class='ocrx_word' id='word_1_51' title='bbox 710 701 855 741; x_wconf 86' lang='lat' dir='ltr'>statim</span> <span class='ocrx_word' id='word_1_52' title='bbox 885 711 1009 740; x_wconf 88' lang='lat' dir='ltr'>versu</span> <span class='ocrx_word' id='word_1_53' title='bbox 1041 695 1184 737; x_wconf 85' lang='lat' dir='ltr'>Maius</span> <span class='ocrx_word' id='word_1_54' title='bbox 1217 694 1297 735; x_wconf 83' lang='lat' dir='ltr'>sibi</span> <span class='ocrx_word' id='word_1_55' title='bbox 1327 694 1445 734; x_wconf 89' lang='lat' dir='ltr'>visus</span> <span class='ocrx_word' id='word_1_56' title='bbox 1476 695 1538 733; x_wconf 91' lang='lat' dir='ltr'>est</span> <span class='ocrx_word' id='word_1_57' title='bbox 1563 690 1727 732; x_wconf 87' lang='lat' dir='ltr'>videre:</span> <span class='ocrx_word' id='word_1_58' title='bbox 1759 687 1828 729; x_wconf 79' lang='grc' dir='ltr'><em>οὐκ</em></span> 
     </span>
     <span class='ocr_line' id='line_1_9' title="bbox 255 757 1829 820; baseline -0.008 -8"><span class='ocrx_word' id='word_1_59' title='bbox 255 770 387 820; x_wconf 74' lang='grc' dir='ltr'><em>άγνοῶ</em></span> <span class='ocrx_word' id='word_1_60' title='bbox 419 770 493 819; x_wconf 81' lang='grc' dir='ltr'><em>μὲν</em></span> <span class='ocrx_word' id='word_1_61' title='bbox 525 767 588 811; x_wconf 78' lang='grc' dir='ltr'><em>οὖν</em></span> <span class='ocrx_word' id='word_1_62' title='bbox 621 769 715 810; x_wconf 82' lang='grc' dir='ltr'><em>διότι</em></span> <span class='ocrx_word' id='word_1_63' title='bbox 748 770 848 814; x_wconf 79' lang='grc' dir='ltr'><em>τινὲς</em></span> <span class='ocrx_word' id='word_1_64' title='bbox 876 767 1155 818; x_wconf 73' lang='grc' dir='ltr'><em>διαπορήσουσι</em></span> <span class='ocrx_word' id='word_1_65' title='bbox 1184 762 1484 815; x_wconf 69' lang='grc' dir='ltr'><em>προσαφέμενοι</em></span> <span class='ocrx_word' id='word_1_66' title='bbox 1512 763 1582 802; x_wconf 82' lang='grc' dir='ltr'>τοῦ</span> <span class='ocrx_word' id='word_1_67' title='bbox 1609 757 1829 801; x_wconf 72' lang='grc' dir='ltr'><em>συνάπτειν</em></span> 
     </span>
     <span class='ocr_line' id='line_1_10' title="bbox 257 829 1831 890; baseline -0.007 -9"><span class='ocrx_word' id='word_1_68' title='bbox 257 839 302 881; x_wconf 85' lang='grc' dir='ltr'><em>τὸ</em></span> <span class='ocrx_word' id='word_1_69' title='bbox 336 838 505 890; x_wconf 81' lang='grc' dir='ltr'><em>συνεχές</em></span> <span class='ocrx_word' id='word_1_70' title='bbox 539 839 622 880; x_wconf 79' lang='grc' dir='ltr'>κτὲ.</span> <span class='ocrx_word' id='word_1_71' title='bbox 688 838 733 880; x_wconf 82' lang='lat' dir='ltr'>Si</span> <span class='ocrx_word' id='word_1_72' title='bbox 763 839 954 880; x_wconf 88' lang='lat' dir='ltr'>scivisset</span> <span class='ocrx_word' id='word_1_73' title='bbox 985 835 1285 887; x_wconf 80' lang='grc' dir='ltr'><em>προσαφέμενοι</em></span> <span class='ocrx_word' id='word_1_74' title='bbox 1317 847 1399 875; x_wconf 89' lang='grc'>11011</span> <span class='ocrx_word' id='word_1_75' title='bbox 1431 846 1518 874; x_wconf 91' lang='grc'>0880</span> <span class='ocrx_word' id='word_1_76' title='bbox 1546 829 1756 873; x_wconf 84' lang='lat' dir='ltr'>Graccum</span> <span class='ocrx_word' id='word_1_77' title='bbox 1789 833 1831 871; x_wconf 89' lang='grc'>01</span> 
     </span>
     <span class='ocr_line' id='line_1_11' title="bbox 256 899 1832 963; baseline -0.007 -12"><span class='ocrx_word' id='word_1_78' title='bbox 256 910 396 951; x_wconf 82' lang='lat' dir='ltr'>verbis</span> <span class='ocrx_word' id='word_1_79' title='bbox 433 910 613 963; x_wconf 84' lang='grc' dir='ltr'><em>άπορεῖν,</em></span> <span class='ocrx_word' id='word_1_80' title='bbox 649 909 865 960; x_wconf 71' lang='grc' dir='ltr'><em>διαπορεῖν,</em></span> <span class='ocrx_word' id='word_1_81' title='bbox 904 906 1128 958; x_wconf 84' lang='grc' dir='ltr'><em>ἐπιζητεῖν,</em></span> <span class='ocrx_word' id='word_1_82' title='bbox 1163 903 1383 956; x_wconf 88' lang='grc' dir='ltr'><em>θαυμάζειν</em></span> <span class='ocrx_word' id='word_1_83' title='bbox 1416 906 1457 944; x_wconf 85' lang='lat' dir='ltr'>et</span> <span class='ocrx_word' id='word_1_84' title='bbox 1488 903 1583 943; x_wconf 84' lang='lat' dir='ltr'>sim.</span> <span class='ocrx_word' id='word_1_85' title='bbox 1619 905 1700 947; x_wconf 82' lang='grc' dir='ltr'><em>πῶς</em></span> <span class='ocrx_word' id='word_1_86' title='bbox 1733 899 1832 942; x_wconf 83' lang='grc'>311111</span> 
     </span>
     <span class='ocr_line' id='line_1_12' title="bbox 256 972 1832 1027; baseline -0.007 -5"><span class='ocrx_word' id='word_1_87' title='bbox 256 979 404 1027; x_wconf 88' lang='grc'>801010,</span> <span class='ocrx_word' id='word_1_88' title='bbox 446 981 640 1021; x_wconf 86' lang='lat' dir='ltr'>continuo</span> <span class='ocrx_word' id='word_1_89' title='bbox 682 979 857 1021; x_wconf 90' lang='lat' dir='ltr'>vidisset</span> <span class='ocrx_word' id='word_1_90' title='bbox 899 977 1177 1026; x_wconf 71' lang='grc' dir='ltr'><em>διαπορησουσι</em></span> <span class='ocrx_word' id='word_1_91' title='bbox 1222 979 1316 1020; x_wconf 79' lang='grc' dir='ltr'>πῶς</span> <span class='ocrx_word' id='word_1_92' title='bbox 1361 973 1558 1025; x_wconf 67' lang='grc' dir='ltr'><em>ἀφέμενοι</em></span> <span class='ocrx_word' id='word_1_93' title='bbox 1590 972 1635 1012; x_wconf 86' lang='grc'>111</span> <span class='ocrx_word' id='word_1_94' title='bbox 1664 973 1832 1013; x_wconf 89' lang='lat' dir='ltr'>vetusto</span> 
     </span>
     <span class='ocr_line' id='line_1_13' title="bbox 256 1040 1833 1092; baseline -0.007 0"><span class='ocrx_word' id='word_1_95' title='bbox 256 1050 364 1092; x_wconf 86' lang='lat' dir='ltr'>libro</span> <span class='ocrx_word' id='word_1_96' title='bbox 407 1064 493 1091; x_wconf 90' lang='lat' dir='ltr'>esse</span> <span class='ocrx_word' id='word_1_97' title='bbox 534 1052 766 1091; x_wconf 78' lang='lat' dir='ltr'>exaratum.</span> <span class='ocrx_word' id='word_1_98' title='bbox 833 1046 975 1089; x_wconf 71' lang='lat' dir='ltr'>scatet</span> <span class='ocrx_word' id='word_1_99' title='bbox 1016 1046 1124 1088; x_wconf 89' lang='lat' dir='ltr'>Maii</span> <span class='ocrx_word' id='word_1_100' title='bbox 1168 1045 1297 1087; x_wconf 85' lang='lat' dir='ltr'>editio</span> <span class='ocrx_word' id='word_1_101' title='bbox 1329 1043 1486 1085; x_wconf 86' lang='lat' dir='ltr'>talibus</span> <span class='ocrx_word' id='word_1_102' title='bbox 1516 1042 1690 1084; x_wconf 87' lang='lat' dir='ltr'>mendis.</span> <span class='ocrx_word' id='word_1_103' title='bbox 1751 1040 1833 1081; x_wconf 87' lang='lat' dir='ltr'>Pro</span> 
     </span>
     <span class='ocr_line' id='line_1_14' title="bbox 257 1112 1834 1174; baseline -0.007 -12"><span class='ocrx_word' id='word_1_104' title='bbox 257 1124 469 1172; x_wconf 69' lang='grc' dir='ltr'><em>ςρατηγῶν</em></span> <span class='ocrx_word' id='word_1_105' title='bbox 526 1120 743 1174; x_wconf 74' lang='lat' dir='ltr'>supposuit</span> <span class='ocrx_word' id='word_1_106' title='bbox 800 1116 1083 1170; x_wconf 72' lang='grc' dir='ltr'><em>πραγμάτων,</em></span> <span class='ocrx_word' id='word_1_107' title='bbox 1140 1129 1214 1171; x_wconf 91' lang='lat' dir='ltr'>pro</span> <span class='ocrx_word' id='word_1_108' title='bbox 1262 1114 1466 1166; x_wconf 72' lang='grc' dir='ltr'><em>ἐξετάζειν</em></span> <span class='ocrx_word' id='word_1_109' title='bbox 1513 1112 1711 1165; x_wconf 80' lang='grc' dir='ltr'><em>άρτίζειν,</em></span> <span class='ocrx_word' id='word_1_110' title='bbox 1759 1124 1834 1165; x_wconf 87' lang='lat' dir='ltr'>pro</span> 
     </span>
     <span class='ocr_line' id='line_1_15' title="bbox 257 1181 1832 1244; baseline -0.007 -12"><span class='ocrx_word' id='word_1_111' title='bbox 257 1190 427 1242; x_wconf 83' lang='grc' dir='ltr'><em>ψεύδους</em></span> <span class='ocrx_word' id='word_1_112' title='bbox 459 1189 618 1239; x_wconf 79' lang='grc' dir='ltr'><em>μίσους,</em></span> <span class='ocrx_word' id='word_1_113' title='bbox 652 1203 725 1244; x_wconf 86' lang='lat' dir='ltr'>pro</span> <span class='ocrx_word' id='word_1_114' title='bbox 758 1188 936 1239; x_wconf 86' lang='grc' dir='ltr'><em>θηράσειν</em></span> <span class='ocrx_word' id='word_1_115' title='bbox 969 1187 1174 1238; x_wconf 84' lang='grc' dir='ltr'><em>θεραπεῖν,</em></span> <span class='ocrx_word' id='word_1_116' title='bbox 1210 1199 1283 1240; x_wconf 87' lang='lat' dir='ltr'>pro</span> <span class='ocrx_word' id='word_1_117' title='bbox 1317 1183 1514 1236; x_wconf 90' lang='grc' dir='ltr'><em>διασύρειν</em></span> <span class='ocrx_word' id='word_1_118' title='bbox 1546 1183 1654 1228; x_wconf 80' lang='grc' dir='ltr'><em>θείοις</em></span> <span class='ocrx_word' id='word_1_119' title='bbox 1690 1181 1832 1232; x_wconf 76' lang='grc' dir='ltr'><em>εὑρεῖν,</em></span> 
     </span>
     <span class='ocr_line' id='line_1_16' title="bbox 260 1251 1834 1315; baseline -0.006 -13"><span class='ocrx_word' id='word_1_120' title='bbox 260 1260 442 1310; x_wconf 76' lang='grc' dir='ltr'><em>δεξιῶν</em></span> <span class='ocrx_word' id='word_1_121' title='bbox 485 1274 558 1315; x_wconf 83' lang='lat' dir='ltr'>pro</span> <span class='ocrx_word' id='word_1_122' title='bbox 601 1258 804 1308; x_wconf 71' lang='grc' dir='ltr'><em>ἐξαισίων,</em></span> <span class='ocrx_word' id='word_1_123' title='bbox 848 1259 953 1305; x_wconf 73' lang='grc' dir='ltr'><em>νήϊον</em></span> <span class='ocrx_word' id='word_1_124' title='bbox 985 1270 1059 1311; x_wconf 88' lang='lat' dir='ltr'>pro</span> <span class='ocrx_word' id='word_1_125' title='bbox 1093 1257 1218 1305; x_wconf 87' lang='grc' dir='ltr'><em>Ῥίον,</em></span> <span class='ocrx_word' id='word_1_126' title='bbox 1253 1256 1474 1308; x_wconf 82' lang='grc' dir='ltr'><em>άχαρίςους</em></span> <span class='ocrx_word' id='word_1_127' title='bbox 1507 1267 1581 1308; x_wconf 89' lang='lat' dir='ltr'>pro</span> <span class='ocrx_word' id='word_1_128' title='bbox 1614 1251 1834 1303; x_wconf 82' lang='grc' dir='ltr'><em>Ἀχαιούς,</em></span> 
     </span>
     <span class='ocr_line' id='line_1_17' title="bbox 261 1322 1836 1384; baseline -0.006 -12"><span class='ocrx_word' id='word_1_129' title='bbox 261 1330 530 1379; x_wconf 75' lang='grc' dir='ltr'><em>άλεξικακίαν</em></span> <span class='ocrx_word' id='word_1_130' title='bbox 572 1343 644 1384; x_wconf 84' lang='lat' dir='ltr'>pro</span> <span class='ocrx_word' id='word_1_131' title='bbox 673 1328 938 1381; x_wconf 73' lang='grc' dir='ltr'><em>άλαζονείαν,</em></span> <span class='ocrx_word' id='word_1_132' title='bbox 973 1327 1319 1378; x_wconf 75' lang='grc' dir='ltr'><em>Φιλαπημοσύνην</em></span> <span class='ocrx_word' id='word_1_133' title='bbox 1350 1339 1423 1380; x_wconf 87' lang='lat' dir='ltr'>pro</span> <span class='ocrx_word' id='word_1_134' title='bbox 1456 1322 1836 1376; x_wconf 71' lang='grc' dir='ltr'><em>φιλοχρημοσύνην,</em></span> 
     </span>
     <span class='ocr_line' id='line_1_18' title="bbox 260 1391 1839 1454; baseline -0.006 -12"><span class='ocrx_word' id='word_1_135' title='bbox 260 1400 453 1443; x_wconf 70' lang='grc' dir='ltr'><em>κάλλιςον</em></span> <span class='ocrx_word' id='word_1_136' title='bbox 486 1413 559 1454; x_wconf 87' lang='lat' dir='ltr'>pro</span> <span class='ocrx_word' id='word_1_137' title='bbox 591 1398 891 1446; x_wconf 71' lang='grc' dir='ltr'><em>Καλλισθένην,</em></span> <span class='ocrx_word' id='word_1_138' title='bbox 928 1396 994 1438; x_wconf 77' lang='grc' dir='ltr'><em>τὸν</em></span> <span class='ocrx_word' id='word_1_139' title='bbox 1025 1395 1176 1437; x_wconf 74' lang='grc' dir='ltr'><em>τέλειον</em></span> <span class='ocrx_word' id='word_1_140' title='bbox 1207 1409 1281 1450; x_wconf 89' lang='lat' dir='ltr'>pro</span> <span class='ocrx_word' id='word_1_141' title='bbox 1312 1394 1557 1444; x_wconf 70' lang='grc' dir='ltr'><em>ἀντέλεγον,</em></span> <span class='ocrx_word' id='word_1_142' title='bbox 1593 1396 1634 1434; x_wconf 86' lang='grc'>01</span> <span class='ocrx_word' id='word_1_143' title='bbox 1678 1391 1839 1434; x_wconf 84' lang='lat' dir='ltr'>similia</span> 
     </span>
     <span class='ocr_line' id='line_1_19' title="bbox 259 1452 1837 1525; baseline -0.004 -14"><span class='ocrx_word' id='word_1_144' title='bbox 259 1471 324 1512; x_wconf 89' lang='lat' dir='ltr'>his</span> <span class='ocrx_word' id='word_1_145' title='bbox 356 1471 511 1525; x_wconf 89' lang='lat' dir='ltr'>passim</span> <span class='ocrx_word' id='word_1_146' title='bbox 544 1471 690 1524; x_wconf 89' lang='lat' dir='ltr'>quavis</span> <span class='ocrx_word' id='word_1_147' title='bbox 720 1470 874 1524; x_wconf 81' lang='lat' dir='ltr'>pagina</span> <span class='ocrx_word' id='word_1_148' title='bbox 905 1466 1333 1509; x_wconf 80' lang='lat' dir='ltr'>commissavidebis.</span> <span class='ocrx_word' id='word_1_149' title='bbox 1389 1465 1475 1506; x_wconf 89' lang='lat' dir='ltr'>Ubi</span> <span class='ocrx_word' id='word_1_150' title='bbox 1503 1452 1647 1506; x_wconf 86' lang='lat' dir='ltr'>autem</span> <span class='ocrx_word' id='word_1_151' title='bbox 1678 1464 1723 1504; x_wconf 92' lang='lat' dir='ltr'>in</span> <span class='ocrx_word' id='word_1_152' title='bbox 1752 1476 1837 1504; x_wconf 90' lang='lat' dir='ltr'>uno</span> 
     </span>
     <span class='ocr_line' id='line_1_20' title="bbox 261 1533 1837 1594; baseline -0.005 -12"><span class='ocrx_word' id='word_1_153' title='bbox 261 1540 472 1594; x_wconf 83' lang='lat' dir='ltr'>alteroque</span> <span class='ocrx_word' id='word_1_154' title='bbox 513 1538 716 1580; x_wconf 87' lang='lat' dir='ltr'>vocabulo</span> <span class='ocrx_word' id='word_1_155' title='bbox 755 1538 899 1579; x_wconf 83' lang='lat' dir='ltr'>haeret</span> <span class='ocrx_word' id='word_1_156' title='bbox 939 1538 1095 1579; x_wconf 87' lang='lat' dir='ltr'>vitium</span> <span class='ocrx_word' id='word_1_157' title='bbox 1138 1535 1323 1578; x_wconf 88' lang='lat' dir='ltr'>sanabile</span> <span class='ocrx_word' id='word_1_158' title='bbox 1355 1535 1519 1577; x_wconf 87' lang='lat' dir='ltr'>malum</span> <span class='ocrx_word' id='word_1_159' title='bbox 1552 1540 1639 1588; x_wconf 85' lang='lat' dir='ltr'>est,</span> <span class='ocrx_word' id='word_1_160' title='bbox 1671 1537 1713 1575; x_wconf 87' lang='lat' dir='ltr'>et</span> <span class='ocrx_word' id='word_1_161' title='bbox 1743 1533 1837 1588; x_wconf 88' lang='lat' dir='ltr'>plu-</span> 
     </span>
     <span class='ocr_line' id='line_1_21' title="bbox 261 1603 1839 1665; baseline -0.005 -13"><span class='ocrx_word' id='word_1_162' title='bbox 261 1612 370 1652; x_wconf 87' lang='lat' dir='ltr'>rima</span> <span class='ocrx_word' id='word_1_163' title='bbox 411 1610 460 1651; x_wconf 90' lang='lat' dir='ltr'>de</span> <span class='ocrx_word' id='word_1_164' title='bbox 503 1623 654 1665; x_wconf 87' lang='lat' dir='ltr'>genere</span> <span class='ocrx_word' id='word_1_165' title='bbox 697 1609 774 1650; x_wconf 89' lang='lat' dir='ltr'>hoc</span> <span class='ocrx_word' id='word_1_166' title='bbox 814 1606 986 1650; x_wconf 83' lang='lat' dir='ltr'>Geelius</span> <span class='ocrx_word' id='word_1_167' title='bbox 1029 1608 1228 1657; x_wconf 83' lang='lat' dir='ltr'>correxit,</span> <span class='ocrx_word' id='word_1_168' title='bbox 1267 1606 1401 1648; x_wconf 89' lang='lat' dir='ltr'>multa</span> <span class='ocrx_word' id='word_1_169' title='bbox 1437 1605 1664 1653; x_wconf 66' lang='lat' dir='ltr'>mahtins,</span> <span class='ocrx_word' id='word_1_170' title='bbox 1699 1603 1839 1645; x_wconf 90' lang='lat' dir='ltr'>multa</span> 
     </span>
     <span class='ocr_line' id='line_1_22' title="bbox 261 1675 1838 1733; baseline -0.004 -11"><span class='ocrx_word' id='word_1_171' title='bbox 261 1680 506 1729; x_wconf 87' lang='lat' dir='ltr'>Dubnerus,</span> <span class='ocrx_word' id='word_1_172' title='bbox 548 1693 630 1720; x_wconf 88' lang='lat' dir='ltr'>non</span> <span class='ocrx_word' id='word_1_173' title='bbox 670 1692 802 1733; x_wconf 86' lang='lat' dir='ltr'>pauca</span> <span class='ocrx_word' id='word_1_174' title='bbox 844 1677 1060 1719; x_wconf 83' lang='lat' dir='ltr'>Bekkerus</span> <span class='ocrx_word' id='word_1_175' title='bbox 1089 1677 1377 1719; x_wconf 81' lang='lat' dir='ltr'>emendarunt.</span> <span class='ocrx_word' id='word_1_176' title='bbox 1445 1675 1678 1731; x_wconf 83' lang='lat' dir='ltr'>Supersunt</span> <span class='ocrx_word' id='word_1_177' title='bbox 1708 1675 1838 1716; x_wconf 85' lang='lat' dir='ltr'>etiam</span> 
     </span>
     <span class='ocr_line' id='line_1_23' title="bbox 261 1745 1840 1804; baseline -0.004 -11"><span class='ocrx_word' id='word_1_178' title='bbox 261 1764 370 1792; x_wconf 84' lang='lat' dir='ltr'>nunc</span> <span class='ocrx_word' id='word_1_179' title='bbox 412 1748 698 1804; x_wconf 81' lang='lat' dir='ltr'>compluscula</span> <span class='ocrx_word' id='word_1_180' title='bbox 740 1762 845 1802; x_wconf 86' lang='lat' dir='ltr'>quae</span> <span class='ocrx_word' id='word_1_181' title='bbox 885 1750 929 1789; x_wconf 91' lang='lat' dir='ltr'>in</span> <span class='ocrx_word' id='word_1_182' title='bbox 970 1749 1186 1804; x_wconf 81' lang='lat' dir='ltr'>integrum</span> <span class='ocrx_word' id='word_1_183' title='bbox 1217 1748 1386 1790; x_wconf 87' lang='lat' dir='ltr'>restitui</span> <span class='ocrx_word' id='word_1_184' title='bbox 1416 1749 1590 1802; x_wconf 87' lang='lat' dir='ltr'>possunt</span> <span class='ocrx_word' id='word_1_185' title='bbox 1623 1745 1756 1800; x_wconf 88' lang='lat' dir='ltr'>deque</span> <span class='ocrx_word' id='word_1_186' title='bbox 1787 1745 1840 1786; x_wconf 88' lang='lat' dir='ltr'>iis</span> 
     </span>
     <span class='ocr_line' id='line_1_24' title="bbox 263 1816 1519 1876; baseline -0.003 -14"><span class='ocrx_word' id='word_1_187' title='bbox 263 1834 368 1876; x_wconf 88' lang='lat' dir='ltr'>quae</span> <span class='ocrx_word' id='word_1_188' title='bbox 398 1820 505 1862; x_wconf 91' lang='lat' dir='ltr'>mihi</span> <span class='ocrx_word' id='word_1_189' title='bbox 536 1820 735 1874; x_wconf 85' lang='lat' dir='ltr'>reperisse</span> <span class='ocrx_word' id='word_1_190' title='bbox 765 1818 910 1860; x_wconf 85' lang='lat' dir='ltr'>videor</span> <span class='ocrx_word' id='word_1_191' title='bbox 939 1832 1049 1859; x_wconf 89' lang='lat' dir='ltr'>nunc</span> <span class='ocrx_word' id='word_1_192' title='bbox 1080 1818 1264 1860; x_wconf 88' lang='lat' dir='ltr'>breviter</span> <span class='ocrx_word' id='word_1_193' title='bbox 1289 1816 1519 1859; x_wconf 80' lang='lat' dir='ltr'>absolvam.</span> 
     </span>
    </p>

    <p class='ocr_par' dir='ltr' id='par_1_4' title="bbox 264 1886 1842 2088">
     <span class='ocr_line' id='line_1_25' title="bbox 324 1886 1842 1946; baseline -0.001 -14"><span class='ocrx_word' id='word_1_194' title='bbox 324 1890 539 1946; x_wconf 83' lang='lat' dir='ltr'>Supererit</span> <span class='ocrx_word' id='word_1_195' title='bbox 570 1891 697 1931; x_wconf 86' lang='lat' dir='ltr'>etiam</span> <span class='ocrx_word' id='word_1_196' title='bbox 730 1888 823 1930; x_wconf 75' lang='lat' dir='ltr'>aliis</span> <span class='ocrx_word' id='word_1_197' title='bbox 854 1888 1030 1930; x_wconf 86' lang='lat' dir='ltr'>feliciter</span> <span class='ocrx_word' id='word_1_198' title='bbox 1061 1888 1312 1930; x_wconf 88' lang='lat' dir='ltr'>emendandi</span> <span class='ocrx_word' id='word_1_199' title='bbox 1341 1888 1558 1936; x_wconf 71' lang='lat' dir='ltr'>materies,</span> <span class='ocrx_word' id='word_1_200' title='bbox 1595 1886 1668 1929; x_wconf 88' lang='lat' dir='ltr'>sed</span> <span class='ocrx_word' id='word_1_201' title='bbox 1703 1887 1842 1930; x_wconf 88' lang='lat' dir='ltr'>multa</span> 
     </span>
     <span class='ocr_line' id='line_1_26' title="bbox 264 1957 1841 2016; baseline -0.002 -13"><span class='ocrx_word' id='word_1_202' title='bbox 264 1975 427 2016; x_wconf 85' lang='lat' dir='ltr'>semper</span> <span class='ocrx_word' id='word_1_203' title='bbox 469 1964 590 2001; x_wconf 88' lang='lat' dir='ltr'>erunt</span> <span class='ocrx_word' id='word_1_204' title='bbox 632 1959 810 2014; x_wconf 70' lang='lat' dir='ltr'>reliqua,</span> <span class='ocrx_word' id='word_1_205' title='bbox 844 1972 948 2014; x_wconf 88' lang='lat' dir='ltr'>quae</span> <span class='ocrx_word' id='word_1_206' title='bbox 980 1960 1078 2014; x_wconf 86' lang='lat' dir='ltr'>quia</span> <span class='ocrx_word' id='word_1_207' title='bbox 1107 1960 1152 2000; x_wconf 88' lang='lat' dir='ltr'>in</span> <span class='ocrx_word' id='word_1_208' title='bbox 1183 1958 1336 2001; x_wconf 83' lang='lat' dir='ltr'>Codice</span> <span class='ocrx_word' id='word_1_209' title='bbox 1367 1957 1486 2000; x_wconf 91' lang='lat' dir='ltr'>nulla</span> <span class='ocrx_word' id='word_1_210' title='bbox 1517 1971 1609 2013; x_wconf 85' lang='lat' dir='ltr'>spes</span> <span class='ocrx_word' id='word_1_211' title='bbox 1641 1962 1727 2014; x_wconf 88' lang='grc'>081,</span> <span class='ocrx_word' id='word_1_212' title='bbox 1759 1972 1841 2001; x_wconf 88' lang='grc'>11011</span> 
     </span>
     <span class='ocr_line' id='line_1_27' title="bbox 264 2028 743 2088; baseline -0.008 -14"><span class='ocrx_word' id='word_1_213' title='bbox 264 2036 435 2088; x_wconf 89' lang='lat' dir='ltr'>tangere</span> <span class='ocrx_word' id='word_1_214' title='bbox 467 2031 546 2072; x_wconf 87' lang='lat' dir='ltr'>erit</span> <span class='ocrx_word' id='word_1_215' title='bbox 576 2028 743 2071; x_wconf 87' lang='lat' dir='ltr'>melius.</span> 
     </span>
    </p>
   </div>
   <div class='ocr_carea' id='block_1_3' title="bbox 265 2197 1843 2674">
    <p class='ocr_par' dir='ltr' id='par_1_5' title="bbox 265 2197 1843 2674">
     <span class='ocr_line' id='line_1_28' title="bbox 322 2197 1839 2255; baseline -0.002 -13"><span class='ocrx_word' id='word_1_216' title='bbox 322 2199 473 2255; x_wconf 85' lang='lat' dir='ltr'>Polyb.</span> <span class='ocrx_word' id='word_1_217' title='bbox 518 2197 576 2239; x_wconf 87' lang='lat' dir='ltr'>VI</span> <span class='ocrx_word' id='word_1_218' title='bbox 615 2212 652 2252; x_wconf 91' lang='lat' dir='ltr'>p.</span> <span class='ocrx_word' id='word_1_219' title='bbox 697 2197 795 2239; x_wconf 83' lang='lat'>495.</span> <span class='ocrx_word' id='word_1_220' title='bbox 838 2198 972 2241; x_wconf 77' lang='lat' dir='ltr'>Bekk.</span> <span class='ocrx_word' id='word_1_221' title='bbox 1017 2200 1048 2240; x_wconf 84' lang='grc' dir='ltr'><em>οἱ</em></span> <span class='ocrx_word' id='word_1_222' title='bbox 1096 2199 1188 2239; x_wconf 83' lang='grc' dir='ltr'><em>κατ’</em></span> <span class='ocrx_word' id='word_1_223' title='bbox 1230 2198 1334 2240; x_wconf 80' lang='grc' dir='ltr'><em>ἰδίαν</em></span> <span class='ocrx_word' id='word_1_224' title='bbox 1372 2198 1468 2250; x_wconf 81' lang='grc' dir='ltr'><em>ὑπὲρ</em></span> <span class='ocrx_word' id='word_1_225' title='bbox 1501 2202 1579 2240; x_wconf 81' lang='grc' dir='ltr'><em>τῶν</em></span> <span class='ocrx_word' id='word_1_226' title='bbox 1613 2197 1783 2246; x_wconf 69' lang='grc' dir='ltr'><em>Φαύλων</em></span> <span class='ocrx_word' id='word_1_227' title='bbox 1817 2199 1839 2248; x_wconf 76' lang='grc' dir='ltr'>ἢ</span> 
     </span>
     <span class='ocr_line' id='line_1_29' title="bbox 265 2268 1841 2321; baseline -0.002 -8"><span class='ocrx_word' id='word_1_228' title='bbox 265 2274 341 2313; x_wconf 82' lang='grc' dir='ltr'><em>τῶν</em></span> <span class='ocrx_word' id='word_1_229' title='bbox 385 2268 606 2310; x_wconf 84' lang='grc' dir='ltr'><em>σπουδαίων</em></span> <span class='ocrx_word' id='word_1_230' title='bbox 637 2268 781 2318; x_wconf 76' lang='grc' dir='ltr'><em>άνδρῶν</em></span> <span class='ocrx_word' id='word_1_231' title='bbox 813 2269 1033 2319; x_wconf 77' lang='grc' dir='ltr'><em>ποιούμενοι</em></span> <span class='ocrx_word' id='word_1_232' title='bbox 1068 2269 1144 2315; x_wconf 74' lang='grc' dir='ltr'>τάς</span> <span class='ocrx_word' id='word_1_233' title='bbox 1179 2268 1394 2321; x_wconf 69' lang='grc' dir='ltr'><em>διαλήψεις</em></span> <span class='ocrx_word' id='word_1_234' title='bbox 1430 2268 1592 2311; x_wconf 78' lang='grc' dir='ltr'><em>ἐπειδάν</em></span> <span class='ocrx_word' id='word_1_235' title='bbox 1633 2269 1841 2316; x_wconf 81' lang='grc' dir='ltr'><em>άληθῶς</em></span> 
     </span>
     <span class='ocr_line' id='line_1_30' title="bbox 267 2337 1841 2394; baseline -0.002 -10"><span class='ocrx_word' id='word_1_236' title='bbox 267 2342 484 2392; x_wconf 80' lang='grc' dir='ltr'><em>προθῶνται</em></span> <span class='ocrx_word' id='word_1_237' title='bbox 529 2337 754 2389; x_wconf 79' lang='grc' dir='ltr'><em>δοκιμάζειν</em></span> <span class='ocrx_word' id='word_1_238' title='bbox 787 2340 873 2382; x_wconf 79' lang='grc' dir='ltr'>κτὲ.</span> <span class='ocrx_word' id='word_1_239' title='bbox 938 2340 1190 2382; x_wconf 83' lang='grc' dir='ltr'>Μο11110811111</span> <span class='ocrx_word' id='word_1_240' title='bbox 1222 2343 1284 2381; x_wconf 90' lang='grc'>081</span> <span class='ocrx_word' id='word_1_241' title='bbox 1316 2339 1485 2386; x_wconf 73' lang='grc' dir='ltr'><em>άληθῶς.</em></span> <span class='ocrx_word' id='word_1_242' title='bbox 1550 2339 1696 2394; x_wconf 87' lang='lat' dir='ltr'>Neque</span> <span class='ocrx_word' id='word_1_243' title='bbox 1728 2341 1841 2381; x_wconf 87' lang='lat' dir='ltr'>enim</span> 
     </span>
     <span class='ocr_line' id='line_1_31' title="bbox 268 2408 1840 2464; baseline -0.003 -10"><span class='ocrx_word' id='word_1_244' title='bbox 268 2409 434 2458; x_wconf 70' lang='grc' dir='ltr'><em>άληθῶς</em></span> <span class='ocrx_word' id='word_1_245' title='bbox 474 2423 606 2463; x_wconf 87' lang='lat' dir='ltr'>neque</span> <span class='ocrx_word' id='word_1_246' title='bbox 650 2409 805 2460; x_wconf 76' lang='grc' dir='ltr'><em>ψευδῶς</em></span> <span class='ocrx_word' id='word_1_247' title='bbox 848 2424 945 2451; x_wconf 89' lang='grc'>011111</span> <span class='ocrx_word' id='word_1_248' title='bbox 990 2411 1116 2452; x_wconf 89' lang='lat' dir='ltr'>verbo</span> <span class='ocrx_word' id='word_1_249' title='bbox 1163 2408 1393 2462; x_wconf 78' lang='grc' dir='ltr'><em>δοκιμάζειν</em></span> <span class='ocrx_word' id='word_1_250' title='bbox 1424 2413 1534 2451; x_wconf 83' lang='grc'>10010</span> <span class='ocrx_word' id='word_1_251' title='bbox 1563 2410 1840 2464; x_wconf 77' lang='lat' dir='ltr'>componitur,</span> 
     </span>
     <span class='ocr_line' id='line_1_32' title="bbox 267 2477 1842 2532; baseline -0.003 -8"><span class='ocrx_word' id='word_1_252' title='bbox 267 2482 434 2524; x_wconf 86' lang='lat' dir='ltr'>Dicitur</span> <span class='ocrx_word' id='word_1_253' title='bbox 464 2479 637 2531; x_wconf 82' lang='grc' dir='ltr'><em>άκριβῶς</em></span> <span class='ocrx_word' id='word_1_254' title='bbox 671 2477 874 2531; x_wconf 78' lang='grc' dir='ltr'><em>ἐξετάζειν</em></span> <span class='ocrx_word' id='word_1_255' title='bbox 907 2480 977 2521; x_wconf 84' lang='grc'>8011</span> <span class='ocrx_word' id='word_1_256' title='bbox 1010 2485 1171 2530; x_wconf 70' lang='grc' dir='ltr'><em>καλῶς,</em></span> <span class='ocrx_word' id='word_1_257' title='bbox 1201 2480 1313 2532; x_wconf 77' lang='grc' dir='ltr'><em>ὀρθῶς</em></span> <span class='ocrx_word' id='word_1_258' title='bbox 1342 2478 1572 2531; x_wconf 84' lang='grc' dir='ltr'><em>δοκιμάζειν</em></span> <span class='ocrx_word' id='word_1_259' title='bbox 1596 2479 1666 2522; x_wconf 81' lang='lat' dir='ltr'>vel</span> <span class='ocrx_word' id='word_1_260' title='bbox 1692 2480 1842 2531; x_wconf 86' lang='grc' dir='ltr'><em>θεωρεῖν</em></span> 
     </span>
     <span class='ocr_line' id='line_1_33' title="bbox 267 2549 1843 2604; baseline -0.003 -10"><span class='ocrx_word' id='word_1_261' title='bbox 267 2551 337 2594; x_wconf 87' lang='lat' dir='ltr'>vel</span> <span class='ocrx_word' id='word_1_262' title='bbox 378 2554 564 2599; x_wconf 85' lang='grc' dir='ltr'><em>σκοπεῖν,</em></span> <span class='ocrx_word' id='word_1_263' title='bbox 608 2549 734 2604; x_wconf 91' lang='lat' dir='ltr'>idque</span> <span class='ocrx_word' id='word_1_264' title='bbox 774 2549 1058 2604; x_wconf 87' lang='lat' dir='ltr'>reponendum</span> <span class='ocrx_word' id='word_1_265' title='bbox 1101 2550 1264 2592; x_wconf 72' lang='grc' dir='ltr'><em>ἐπειδάν</em></span> <span class='ocrx_word' id='word_1_266' title='bbox 1299 2550 1456 2596; x_wconf 83' lang='grc' dir='ltr'><em>ὈΡθῶς</em></span> <span class='ocrx_word' id='word_1_267' title='bbox 1491 2550 1709 2601; x_wconf 81' lang='grc' dir='ltr'><em>προθῶνται</em></span> <span class='ocrx_word' id='word_1_268' title='bbox 1745 2549 1843 2591; x_wconf 85' lang='grc' dir='ltr'><em>δοκι-</em></span> 
     </span>
     <span class='ocr_line' id='line_1_34' title="bbox 270 2620 428 2674; baseline -0.019 -10"><span class='ocrx_word' id='word_1_269' title='bbox 270 2620 428 2674; x_wconf 85' lang='grc' dir='ltr'><em>μάζειν.</em></span> 
     </span>
    </p>
   </div>
   <div class='ocr_carea' id='block_1_4' title="bbox 271 2797 1844 2926">
    <p class='ocr_par' dir='ltr' id='par_1_6' title="bbox 271 2797 1844 2926">
     <span class='ocr_line' id='line_1_35' title="bbox 331 2797 1844 2854; baseline 0.001 -12"><span class='ocrx_word' id='word_1_270' title='bbox 331 2800 425 2842; x_wconf 87' lang='lat' dir='ltr'>Lib.</span> <span class='ocrx_word' id='word_1_271' title='bbox 457 2798 532 2840; x_wconf 89' lang='lat' dir='ltr'>IX.</span> <span class='ocrx_word' id='word_1_272' title='bbox 564 2813 605 2854; x_wconf 89' lang='lat' dir='ltr'>p.</span> <span class='ocrx_word' id='word_1_273' title='bbox 642 2797 684 2842; x_wconf 82' lang='lat'>¹7.</span> <span class='ocrx_word' id='word_1_274' title='bbox 718 2797 875 2847; x_wconf 77' lang='lat' dir='ltr'>Geehi,</span> <span class='ocrx_word' id='word_1_275' title='bbox 907 2802 976 2840; x_wconf 81' lang='grc' dir='ltr'>τοῦ</span> <span class='ocrx_word' id='word_1_276' title='bbox 1004 2803 1242 2851; x_wconf 81' lang='grc' dir='ltr'><em>τετραετοῦς</em></span> <span class='ocrx_word' id='word_1_277' title='bbox 1271 2800 1522 2850; x_wconf 72' lang='grc' dir='ltr'><em>διαςήματος</em></span> <span class='ocrx_word' id='word_1_278' title='bbox 1550 2801 1622 2849; x_wconf 74' lang='grc' dir='ltr'><em>την</em></span> <span class='ocrx_word' id='word_1_279' title='bbox 1649 2800 1844 2843; x_wconf 84' lang='grc' dir='ltr'><em>ΠΑΡοδον</em></span> 
     </span>
     <span class='ocr_line' id='line_1_36' title="bbox 271 2866 1514 2926; baseline -0.001 -12"><span class='ocrx_word' id='word_1_280' title='bbox 271 2869 544 2922; x_wconf 79' lang='grc' dir='ltr'><em>Ὀλυμπιάδα</em></span> <span class='ocrx_word' id='word_1_281' title='bbox 575 2869 717 2922; x_wconf 82' lang='grc' dir='ltr'><em>φαμὲν</em></span> <span class='ocrx_word' id='word_1_282' title='bbox 748 2866 862 2911; x_wconf 84' lang='grc' dir='ltr'><em>εἶναι.</em></span> <span class='ocrx_word' id='word_1_283' title='bbox 925 2868 1156 2926; x_wconf 85' lang='lat' dir='ltr'>Scripserat</span> <span class='ocrx_word' id='word_1_284' title='bbox 1185 2872 1256 2918; x_wconf 70' lang='grc' dir='ltr'><em>τὴν</em></span> <span class='ocrx_word' id='word_1_285' title='bbox 1288 2870 1514 2913; x_wconf 77' lang='grc' dir='ltr'><em>ΠΕΡΙοδον.</em></span> 
     </span>
    </p>
   </div>
  </div>
 </body>
</html>
