1946 3298
948 145 1032 188 45⁴3

262 264 444 315 Evidens
476 274 517 312 et
560 270 834 312 manifestum
877 270 1059 327 Diogeni
1092 271 1262 326 quidem
1295 285 1381 313 esse
1413 272 1581 315 videtur
1613 274 1663 316 ab
1695 268 1771 324 iis,

202 353 306 395 quae
350 343 423 382 aut
454 341 730 395 pudendorum
782 343 856 382 aut
897 344 1041 381 ianuae
1090 341 1182 382 Orci
1227 341 1554 384 similitudinem
1596 344 1776 387 referant

201 410 345 453 sedulo
377 411 576 454 abstineri
608 414 808 467 oportere.

259 550 385 607 Diog.
431 550 569 594 Laert.
614 551 724 593 VIII.
770 550 839 593 39.
885 550 1083 593 ἐτελεύτα
1126 551 1158 592 δ’
1194 552 1210 592 ὂ
1255 551 1498 604 Πυθαγόρας
1538 554 1675 593 τοῦτον
1708 551 1774 593 τὸν

199 620 356 674 τρόπον.
405 608 700 674 συνεδρεύοντος
742 621 854 671 μετα
898 622 974 663 τῶν
1017 622 1188 670 συνήθων
1244 623 1283 663 ἐν
1335 629 1384 675 τῇ
1438 623 1625 668 Μίλωνος
1670 621 1774 675 οἰκία

199 697 437 734 TOTTOT
457 716 510 723 —
531 691 827 744 ὑποπρησθῆναι
870 692 942 739 την
973 691 1099 733 οἰκίαν
1135 691 1299 742 συνέβη.
1363 692 1462 735 Sine
1495 693 1774 735 controversia

199 762 341 805 τούτου
382 762 540 804 vitium
584 762 796 817 concepit,
843 761 914 803 sed
958 761 1113 817 duplex
1159 765 1221 803 est
1263 762 1513 804 emendandi
1544 765 1635 813 via;
1673 776 1772 804 nam

199 832 368 888 perinde
400 832 505 873 bene
535 831 720 887 suppleri
750 834 888 886 potest
918 834 987 873 τοῦ
1025 831 1330 887 (Κροτωνια)του
1366 836 1407 874 et
1440 835 1509 873 τοῦ
1545 832 1769 889 (αθλη)τοῦ.

199 901 378 959 Legitur
408 903 452 943 in
483 902 639 944 vicinia
670 903 692 956 ξ
721 903 790 943 40.
825 902 1070 944 πανδαισίαν
1104 901 1266 955 εὑρόντα
1301 903 1484 949 Μίλωνος
1519 905 1588 943 τοῦ
1625 909 1775 954 Κροτω-

201 972 360 1023 νιοὶτου,
395 975 537 1015 contra
568 973 678 1028 apud
709 973 997 1030 Porphyrium
1032 973 1100 1015 55.
1135 977 1211 1015 τῶν
1245 973 1407 1025 ἑταίρων
1438 977 1506 1014 τοῦ
1542 973 1775 1024 Πυθαγόρου

199 1043 458 1094 συνηγμένων
493 1044 532 1085 ἐν
565 1050 613 1096 τῇ
647 1044 834 1091 Μίλωνος
868 1044 973 1098 οἰκία
1005 1048 1074 1086 τοῦ
1109 1045 1285 1092 οΞθλητοῦ
1306 1043 1543 1090 -ποέντας
1574 1048 1774 1095 πανταχῇ

201 1114 432 1166 ἐνέπρησαν,
468 1118 509 1156 et
542 1114 652 1170 apud
678 1114 912 1158 Diodorum
940 1114 1134 1157 Siculum
1159 1115 1254 1157 XII.
1274 1114 1313 1156 9.
1347 1114 1532 1161 Μίλωνος
1559 1116 1629 1155 τοῦ
1655 1113 1777 1160 αθλη-

199 1189 268 1227 τοῦ
305 1186 539 1236 ἡγουμένου.
602 1184 762 1226 Utrum
805 1185 982 1242 elegeris
1014 1185 1185 1241 perinde
1219 1188 1303 1228 est:
1338 1184 1479 1240 paullo
1514 1186 1657 1225 tamen
1690 1197 1778 1224 me-

197 1255 282 1297 lius
312 1256 485 1298 fortasse
529 1258 591 1297 est
632 1259 701 1297 τοῦ
736 1255 1032 1310 Κροτωνιάτου,
1078 1259 1127 1297 ut
1160 1258 1354 1310 appareat
1386 1256 1431 1296 in
1464 1268 1545 1309 qua
1576 1254 1678 1295 urbe
1710 1267 1775 1296 res

199 1330 291 1368 acta
337 1328 414 1376 sit,
460 1330 508 1368 ut
553 1326 663 1381 apud
706 1326 989 1368 Iamblichum
1032 1328 1054 1380 ξ
1085 1325 1188 1368 249.
1227 1326 1266 1367 ἐν
1299 1332 1347 1378 τῇ
1382 1325 1566 1370 Μίλωνος
1599 1325 1702 1377 οἰκία
1736 1324 1776 1364 ἐν

201 1397 369 1447 Κρότωνι
413 1396 716 1448 συνεδρευόντων
761 1401 837 1438 τῶν
869 1396 1150 1448 Πυθαγορείων
1181 1421 1233 1427 -
1265 1394 1509 1446 ὑφαψαντες
1544 1396 1615 1442 την
1648 1394 1775 1436 οἰκίαν

201 1467 463 1509 κατέκαυσαν
513 1466 603 1513 τοὺς
659 1466 819 1518 ἄνδρας.
906 1466 1037 1508 Erant
1080 1471 1223 1508 autem
1266 1465 1531 1522 Pythagoras
1578 1469 1620 1506 et
1666 1464 1774 1506 Milo

201 1536 392 1592 aequales
420 1540 461 1579 et
487 1538 613 1578 amici
635 1539 833 1591 erantque
856 1537 979 1578 ambo
1008 1534 1199 1578 Crotonis
1224 1536 1348 1577 decus
1368 1539 1408 1576 et
1434 1535 1582 1590 gloria.
1625 1534 1774 1576 Strabo

199 1620 295 1664 pag.
316 1606 415 1649 262.
450 1605 542 1649 Cas.
588 1606 700 1648 aum't
735 1607 911 1648 Crotonis
942 1607 1113 1659 yloriam
1146 1605 1317 1662 (inquit)
1354 1605 1420 1647 καὶ
1455 1605 1499 1646 τὸ
1534 1609 1609 1646 τῶν
1640 1607 1775 1647 Πυθα-

199 1678 359 1730 γορείων
403 1678 551 1724 πλῆθος
592 1676 661 1718 καὶ
695 1676 840 1718 Μίλων
883 1676 1190 1729 ε’πιφανέςατος
1224 1677 1298 1727 μὲν
1331 1680 1406 1717 τῶν
1439 1676 1620 1724 οὶθλητῶν
1652 1692 1775 1727 γεγο-

199 1750 294 1803 νώς,
327 1750 644 1790 ‘OMIAHTHC
676 1747 715 1788 δὲ
749 1746 984 1799 Πυθαγόρου
1019 1748 1309 1799 διατρίψαντος
1345 1746 1383 1786 ἐν
1417 1752 1466 1799 τῇ
1497 1744 1612 1787 πόλει
1645 1745 1772 1787 πολὺν

198 1817 352 1872 χρόνον.
418 1817 522 1860 Φασὶ
557 1817 590 1859 δ’
623 1818 661 1858 ἐν
693 1818 747 1869 τῷ
782 1817 970 1869 συσσιτίῳ
1004 1817 1102 1858 ποτὲ
1147 1818 1223 1858 τῶν
1256 1816 1492 1870 φιλοσόφων
1526 1816 1771 1864 πονήσαντος

198 1890 322 1934 ςύλου
355 1888 421 1930 τὸν
453 1888 626 1930 Μίλωνα
661 1887 863 1930 ὑποδύντα
895 1891 1023 1929 σῶσαι
1059 1885 1272 1934 ἅπαντας.

258 1959 511 2002 Nominatus
554 1959 689 2015 igitur
730 1961 817 2000 erat
858 1957 966 2000 Milo
1007 1958 1118 2013 apud
1161 1957 1446 2000 Iamblichum
1477 1958 1499 2011 ξ
1530 1956 1629 1998 104.
1663 1958 1771 1999 inter

198 2031 468 2087 Pythagorae
507 2029 720 2085 aequales:
765 2030 797 2070 οἱ
841 2027 1120 2070 παλαιότατοι
1165 2028 1233 2069 καὶ
1279 2029 1388 2080 αύτῷ
1428 2028 1773 2079 συγχρονίσαντες

200 2101 267 2143 καὶ
301 2100 636 2151 μαθητεύσαντες
670 2101 724 2152 τῷ
758 2099 977 2153 Πυθαγόρα
1007 2099 1219 2151 πρεσβύτη
1252 2097 1676 2147 νέοι-Ἐπιμενίδης
1703 2098 1770 2139 καὶ

201 2178 400 2216 ΜΙΛΩΝ
435 2170 673 2216 Λεύκιππός
706 2186 751 2211 τε
779 2169 847 2211 καὶ
876 2170 1127 2220 Ἀλκμαίων.
1156 2170 1229 2210 ubi
1256 2169 1387 2225 vulgo
1414 2168 1574 2225 legitur
1598 2167 1770 2217 Μόλων,

201 2243 270 2287 sed
303 2257 401 2287 vera
430 2241 556 2284 lectio
587 2242 631 2282 in
664 2238 815 2282 Codice
847 2239 910 2281 Fl.
946 2242 1110 2282 servata
1143 2242 1215 2281 est.

258 2313 403 2369 Neque
434 2314 602 2354 tantum
642 2309 750 2352 Milo
793 2313 880 2352 erat
913 2310 1182 2365 Pythagorae
1221 2308 1419 2358 ὁμιλητὴς
1454 2308 1521 2349 καὶ
1556 2308 1767 2357 σύσσιτος,

200 2384 271 2426 sed
304 2386 392 2426 erat
424 2384 554 2424 etiam
587 2382 737 2423 arctior
768 2381 878 2422 inter
908 2392 976 2421 eos
1008 2378 1292 2428 necessitudo,
1326 2382 1374 2419 ut
1406 2378 1559 2434 colligo
1584 2393 1634 2419 ex
1660 2377 1770 2420 Iam-

198 2454 338 2496 blicho
369 2454 392 2507 §5
424 2450 524 2494 267.
557 2449 759 2508 pag 218
791 2450 867 2492 ubi
900 2451 1285 2492 commemorantur
1318 2449 1361 2490 αἱ
1394 2448 1664 2500 Πυθαγορίδες
1697 2465 1770 2499 γυ-

200 2529 333 2570 ναῖκες
366 2523 408 2564 αἱ
443 2522 752 2574 ἐπιφανέςαται
786 2520 890 2561 hae:

317 2594 620 2645 Κρατησίκλεια
653 2590 846 2633 Λάκαινα
880 2590 981 2640 γυνη
1015 2588 1233 2641 Κλεάνορος
1267 2591 1336 2631 τοῦ
1371 2589 1707 2639 Λακεδαιμονίου.

321 2665 458 2705 Θεανὼ
492 2664 590 2714 γυνη
624 2664 693 2704 τοῦ
727 2660 1036 2702 Μεταποντίνου
1070 2659 1282 2712 Βροντίνου.

320 2738 438 2776 Μυῖα
470 2732 569 2783 γυνη
601 2731 788 2778 Μίλωνος
822 2733 891 2772 τοῦ
926 2729 1216 2781 Κροτωνιάτου.

258 2804 334 2848 Est
375 2808 518 2847 autem
562 2805 583 2852 η
616 2806 735 2845 Μυῖα
778 2800 930 2843 nobilis
962 2800 1230 2857 Pythagorae
1264 2799 1373 2852 filia,
1410 2813 1524 2842 soror
1557 2799 1773 2857 Telaugis‚

201 2876 460 2932 Porphyrius
502 2876 524 2929 ξ
560 2874 600 2916 4.
645 2872 764 2915 ἄλλοι
807 2872 847 2914 δὲ
890 2871 934 2912 ἐκ
968 2873 1143 2918 Θεανοῦς
1177 2876 1249 2919 τῆς
1282 2870 1543 2917 Πυθώνακτος
1576 2871 1620 2912 τὸ
1654 2870 1766 2922 γένος
