1946 3298
911 155 996 202 309

165 300 260 347 152.
308 305 407 349 1¹77.
439 310 508 348 τοῦ
541 291 680 348 cambd
713 306 918 361 scriptum
950 309 1011 346 est
1042 306 1086 346 in
1119 305 1142 358 ξ
1177 303 1274 346 136.
1308 305 1352 346 in
1385 318 1464 360 quo
1497 307 1623 350 errari
1654 322 1736 352 non

160 379 335 430 poterat.

219 445 441 489 Praeterea
471 461 521 489 ex
553 446 614 489 Fl.
649 446 744 503 lege
775 445 843 487 καὶ
877 445 1111 488 κύουσαν
1145 446 1273 494 αὐτην
1305 446 1348 487 ἐκ
1380 448 1436 497 μη
1465 446 1587 495 οὕτως
1616 449 1735 502 ἐχού-

161 532 231 564 σης
264 524 526 571 καταςῆσαι,
561 531 635 573 pro
669 517 854 565 κυούσης.
907 517 1188 573 Agnoscimus
1219 518 1264 557 in
1294 516 1360 558 his
1392 517 1616 560 lamblichi
1647 535 1737 563 ver-

160 587 382 630 bositatem
395 620 405 640 ,
431 591 504 644 qui
526 602 693 644 prorsus
718 600 1070 644 supervacaneum
1095 587 1139 628 ἐκ
1156 587 1213 637 μη
1231 584 1352 633 οὕτως
1372 588 1544 640 ἐχούσης
1571 590 1737 633 adiecit.

219 745 267 788 ln
294 747 316 802 ξ
344 745 386 788 8.
415 747 687 804 (Pytkaqoras)
720 747 1001 801 ὑποφυομένης
1029 752 1100 795 τῆς
1131 746 1413 798 Πολυκράτους
1437 750 1662 802 τυραννίδος
1680 777 1736 784 -

161 816 309 869 νύκτωρ
356 819 485 859 λαθὼν
533 817 695 866 πάντας
743 817 856 869 μετα
900 821 969 859 τοῦ
1016 817 1350 868 Ἑρμοδάμαντος
1393 820 1468 869 μὲν
1511 821 1555 862 τὸ
1588 821 1736 873 ὄνομα,

161 887 405 940 Κρεωφύλου
440 888 479 929 δὲ
509 889 827 939 ἐπικαλουμένου
861 886 918 941 (ὃς
947 888 1112 939 ἐλέγετο
1142 888 1385 941 Κρεωφύλου
1412 890 1610 942 ἀπόγονος
1639 891 1740 936 εἶναι

162 959 340 1010 Ὁμήρου
383 958 491 1009 ξένου
534 963 602 1001 τοῦ
649 963 812 1008 ποιητοῦ
851 959 1040 1010 γενέσθαι
1088 960 1207 1012 φίλος
1256 960 1325 1001 καὶ
1374 961 1619 1010 διδάσκαλος
1666 970 1742 1007 τῶν

162 1029 395 1086 ἁπάντων),
435 1030 549 1080 μετα
594 1030 736 1072 τούτου
777 1030 872 1082 πρὸς
912 1030 978 1072 τὸν
1012 1030 1230 1082 Φερεκύδην
1261 1031 1579 1084 διεπόρθμευσεν.
1643 1036 1740 1078 Per-

161 1101 355 1156 spicuum
387 1104 448 1143 est
478 1101 683 1156 quaedam
716 1101 932 1143 excidisse.
996 1101 1169 1143 Frustra
1199 1102 1335 1158 igitur
1364 1104 1566 1147 nonnulla
1591 1105 1742 1150 leviter

160 1175 399 1220 tentantur,
428 1185 559 1227 quum
587 1171 760 1214 lacunae
790 1173 846 1214 sit
872 1172 1156 1227 quaerendum
1183 1173 1540 1228 supplementum.
1582 1175 1744 1219 Huius-

160 1243 322 1284 cemodi
355 1243 455 1298 quid
487 1242 747 1285 lamblichus
779 1243 964 1284 dixerat:
1000 1241 1038 1290 ὃς
1074 1242 1240 1292 ἐλέγετο
1269 1245 1512 1297 Κρεωφύλου
1540 1247 1740 1298 ἀπόγονος

160 1310 261 1354 εἶναι
309 1313 486 1365 Ὀμήρου
529 1312 639 1362 ξένου
684 1316 753 1355 τοῦ
799 1316 962 1362 ποιητοῦ
1007 1313 1090 1370 (καὶ
1135 1313 1242 1355 δοκεῖ
1281 1313 1375 1356 τότε
1413 1318 1467 1367 τῷ
1501 1319 1740 1375 Πυθαγόρᾳ)

159 1384 346 1434 γενέσθαι
380 1384 502 1436 φίλος
534 1385 602 1425 καὶ
633 1383 879 1430 διδάσκαλος
915 1388 990 1425 τῶν
1020 1383 1226 1426 ἁπάντων.
1275 1384 1435 1428 Deinde
1461 1392 1554 1442 post
1579 1389 1740 1447 longio-

159 1468 250 1496 rem
288 1455 518 1506 παρένθεσιν
552 1457 749 1498 orationis
781 1454 900 1497 filum
934 1469 1150 1497 resumens
1183 1456 1232 1497 de
1263 1470 1378 1498 more
1411 1457 1588 1500 dixerat:
1627 1462 1740 1511 μετὰ

159 1525 334 1567 τούτΟΥ
371 1531 486 1568 ΟΥΝ
519 1526 613 1578 πρὸς
646 1526 713 1567 τὸν
746 1526 966 1578 Φερεκύδην
998 1525 1317 1577 διεπόρθμευσεν.

217 1596 509 1653 Pythagoram
551 1598 749 1640 iuvenem
794 1599 902 1639 senis
940 1596 1315 1639 Hermodamantis
1347 1598 1581 1642 auditorem
1613 1601 1740 1646 fuisse

159 1668 387 1709 memoriae
424 1668 609 1723 prodidit
649 1668 858 1725 Diogenes
898 1667 1036 1710 Laert.
1080 1667 1191 1709 VIII.
1236 1668 1278 1710 2.
1313 1665 1424 1716 οὗτος
1461 1671 1740 1730 (Pytkaqoras)

160 1737 301 1786 ἤκουσε
340 1738 413 1788 μὲν
458 1738 674 1791 Φερεκύδου
719 1742 788 1780 τοῦ
834 1738 998 1790 Συρίου,
1044 1738 1154 1788 μετα
1190 1738 1229 1780 δὲ
1263 1740 1333 1787 την
1366 1740 1513 1782 ἐκείνου
1545 1745 1739 1793 τελευτὴν

160 1804 250 1855 ἧκεν
280 1809 336 1853 εἷς
369 1808 511 1859 Σάμον
542 1809 609 1850 καὶ
644 1809 808 1858 ἤκουσεν
841 1807 1174 1860 Ἑρμοδάμαντος
1210 1811 1279 1850 τοῦ
1312 1809 1514 1860 άπογόνου
1548 1814 1738 1866 Κρεωφύ-

159 1888 230 1920 λου
273 1879 342 1927 ἥδη
386 1879 671 1932 πρεσβυτέρου.
736 1879 817 1921 Sed
861 1879 1045 1921 adversis
1085 1879 1293 1920 frontibus
1334 1880 1443 1921 inter
1474 1895 1516 1922 se
1548 1889 1738 1940 pugnant

158 1948 416 1992 lamblichus
457 1954 498 1993 et
537 1949 770 2007 Diogenes,
815 1964 995 2005 quorum
1039 1949 1145 1991 alter
1175 1949 1467 2006 Pythagoram
1499 1966 1595 1994 cum
1625 1954 1736 1997 Her-

158 2020 425 2062 modamante
482 2021 534 2062 ad
588 2021 877 2077 Pherecydem
933 2020 1168 2076 profectum
1214 2028 1444 2075 memorat,
1492 2022 1597 2065 alter
1643 2030 1737 2080 post

157 2089 412 2146 Pherecydis
458 2093 639 2132 mortem
686 2091 855 2132 rediisse
899 2089 1076 2132 Samum
1119 2094 1160 2132 et
1201 2089 1605 2135 Hermodamantem
1647 2097 1734 2138 iam

159 2161 363 2202 seniorem
411 2161 632 2203 audivisse.
697 2160 944 2216 Numquam
992 2165 1032 2203 te
1081 2175 1131 2202 ex
1178 2160 1244 2202 his
1290 2161 1496 2204 molestiis
1544 2166 1736 2220 expedies

159 2233 357 2285 quoniam
398 2230 528 2273 multi
568 2232 787 2286 scriptores
828 2231 943 2274 leves
985 2234 1026 2273 et
1056 2230 1200 2272 futiles
1233 2231 1277 2272 ἐκ
1309 2236 1384 2273 τῶν
1416 2232 1622 2285 τυχόντων
1655 2253 1735 2279 πα-

158 2300 451 2353 ρακουσμάτων
494 2315 570 2343 sua
609 2314 853 2356 componere
885 2300 1072 2343 solebant
1104 2307 1368 2357 temporum,
1401 2317 1565 2360 rerum,
1600 2306 1735 2349 homi-

160 2386 265 2413 num
305 2371 476 2427 perinde
518 2372 671 2428 ignari.
733 2371 1074 2428 Negligentiores
1115 2372 1244 2414 etiam
1282 2376 1324 2414 et
1356 2374 1406 2416 ab
1438 2375 1595 2419 iudicio
1626 2377 1737 2421 infir-

159 2442 313 2484 miores
345 2455 471 2496 quam
504 2443 656 2484 caeteri
687 2445 785 2484 sunt
814 2441 1023 2498 Diogenes
1054 2445 1096 2484 et
1126 2441 1397 2485 lamblichus.

220 2600 268 2643 ln
300 2602 322 2656 ἓ
355 2601 392 2642 9.
423 2602 519 2653 ἱερὸν
547 2601 736 2652 ἐδείματο
765 2602 820 2653 τῷ
851 2600 1078 2643 Ἀπόλλωνι
1105 2603 1276 2645 ΠυθίΩΙ
1305 2603 1559 2658 ἐπιγράψας.
1606 2607 1735 2653 Recte

161 2671 224 2713 Fl.
258 2672 428 2713 πυθίΟΊ·
447 2705 456 2723 ,
489 2675 538 2713 ut
569 2673 613 2713 in
645 2671 722 2713 tali
752 2685 796 2713 re
827 2685 990 2727 semper
1020 2672 1104 2714 dici
1135 2672 1255 2716 solet.

222 2820 273 2861 In
314 2821 336 2875 ξ
379 2821 448 2862 ll.
491 2819 549 2862 ἔτι
594 2821 753 2874 ἐφήβου
797 2820 904 2868 ὄντος
949 2824 1080 2870 πολλη
1125 2823 1223 2874 δόξα
1256 2823 1311 2871 εἴς
1345 2841 1391 2866 τε
1422 2828 1608 2876 Μίλητον
1639 2833 1733 2882 πρὸς

167 2895 306 2937 Θαλῆν
350 2891 417 2932 καὶ
461 2892 516 2938 εἷς
558 2892 725 2944 Πριήνην
768 2891 841 2945 πρὸ
883 2893 1038 2934 Βίαντα
1082 2893 1309 2944 διεκομίσθη
1353 2897 1444 2944 τοὺς
1485 2898 1634 2951 σοφοὺς
1666 2903 1734 2943 καὶ
