1946 3298
956 172 1040 215 186

633 299 802 350 Ἀργοῦς
836 298 914 349 ἱρὸν
946 298 1140 339 αὐδΑΕΝ
1172 298 1316 347 ξύλονς

268 367 545 424 Apollodorus
576 370 620 410 in
653 369 846 410 Biblioth.
881 368 910 409 Ι.
948 367 986 409 9.
1022 367 1089 409 16.
1124 367 1164 409 6.
1203 368 1315 409 κατα
1344 368 1383 409 δὲ
1413 373 1484 415 τῆν
1511 367 1668 419 πρῷραν
1698 367 1787 421 (τῆς

208 440 397 494 Ἀργοῦς)
433 439 644 490 ἐνήρμοσεν
677 437 826 486 Ἀθηνᾶ
861 443 1016 489 φωνῆεν
1050 441 1190 490 φηγοῦ
1224 443 1294 485 τῆς
1330 438 1551 482 Δωδωνίδος
1584 436 1716 486 ξύλον.
1750 437 1792 477 et

207 509 237 550 I.
274 509 312 551 9.
350 508 418 550 19.
452 515 523 557 τῆς
556 511 728 560 Ἀργοῦς
760 507 1050 561 φθεγξαμένης
1086 510 1143 557 μη
1177 509 1369 550 δύνασθαι
1401 510 1536 560 φέρειν
1570 508 1615 549 τὸ
1648 506 1790 547 τούτου

208 579 350 630 βάρος.
398 584 440 621 et
478 579 511 620 I.
556 579 595 620 9.
631 579 688 620 24
741 580 762 627 ἦ
797 582 891 626 ναῦς
926 581 966 630 (ἦ
1001 581 1155 634 Ἀργώ)
1187 579 1424 631 φθέγγεται
1459 580 1516 629 μη
1550 576 1686 626 λήξειν
1718 577 1789 624 την

209 650 327 701 ὀργὴν
368 653 438 691 τοῦ
483 649 594 696 Διός.
659 649 832 691 Primus
873 648 990 691 locus
1030 654 1198 692 sumtus
1242 654 1386 692 estex
1417 648 1636 705 Apollonii
1667 649 1791 699 Arqo-

208 720 382 761 nauticis
412 719 445 761 Ι.
485 719 584 761 524.

392 790 639 842 σμερδαλέον
672 791 711 832 δὲ
747 791 870 839 λιμην
904 790 1147 841 Παγασήιος
1180 790 1245 839 ἠδὲ
1279 790 1346 832 καὶ
1382 791 1488 839 αὐτή

394 861 554 910 Πηλιας
588 860 711 913 ἴαχεν
745 863 877 912 Ἀργὼ
913 861 1221 914 ἐπισπέρχουσα
1256 861 1425 904 νέεσθαι.

395 932 434 972 ἐν
467 931 548 983 γάρ
580 932 612 973 οἱ
648 931 735 982 δόρυ
767 934 865 974 θεῖον
897 932 1099 981 ἐλήλατο,
1132 932 1179 974 τό
1210 933 1240 984 ρ’
1273 932 1353 974 dvo}
1386 932 1541 982 μέσσην

393 1008 528 1053 ςεῖραν
561 1003 751 1051 Ἀθηναίη
786 1003 1009 1049 Δωδωνίδος
1043 1003 1190 1054 ἥρμοσε
1223 1007 1377 1055 φηγοῦ.

212 1073 285 1115 ubi
326 1072 585 1115 Scholiasta:
629 1074 801 1119 πιθανῶς
846 1074 889 1115 ἐκ
932 1079 1004 1122 τῆς
1049 1074 1273 1119 Δωδωνίδος
1316 1073 1418 1126 φησὶ
1453 1072 1561 1124 δρυὸς
1595 1071 1640 1113 τὸ
1673 1070 1794 1120 ξύλον

212 1141 311 1186 εἷναι
357 1145 394 1186 ἐν
437 1151 485 1197 τῇ
530 1143 675 1194 Ἀργοῖ
716 1144 761 1185 τὸ
804 1148 960 1197 φωνῆεν
994 1144 1079 1186 ἐπεὶ
1116 1145 1184 1186 καὶ
1219 1146 1324 1192 αὕτη
1360 1145 1608 1196 ἐφθέγγετο.
1676 1141 1796 1194 Quod

211 1214 395 1271 appellat
436 1217 743 1272 grammaticus
786 1214 830 1255 τὸ
875 1214 994 1265 ξύλον
1027 1215 1071 1256 τὸ
1103 1219 1260 1268 φωνῆεν
1292 1215 1337 1257 id
1368 1214 1604 1270 Aeschylus
1637 1217 1791 1263 σεμνῶς

214 1286 322 1327 πάνυ
356 1287 525 1329 vocavit
556 1286 708 1328 αὐδοῖεν
739 1283 872 1334 ξύλον.

271 1426 507 1483 Aeschylus
539 1426 693 1483 fragm.
733 1425 830 1468 193.
864 1439 960 1483 pag.
997 1426 1066 1467 51.

542 1496 629 1539 ἰδὼν
661 1497 694 1538 δ’
728 1496 1030 1550 ἀμηχανοῦντα
1064 1513 1109 1538 σε
1145 1486 1244 1544 Ζεὺς
1279 1497 1459 1548 οἶκτερεῖ.

210 1567 322 1609 nihil
364 1567 531 1623 prodest
574 1567 684 1623 quod
727 1567 925 1610 Meineke
965 1581 1040 1622 pro
1078 1567 1113 1608 σ’
1156 1567 1172 1608 o‘
1220 1567 1318 1614 Ζεύς
1362 1568 1548 1622 reposuit
1591 1582 1636 1608 σε
1670 1565 1796 1615 Ζεύς,

211 1642 398 1680 metrum
442 1640 554 1680 enim
597 1640 640 1679 in
679 1642 858 1693 utraque
899 1640 1105 1693 scriptura
1136 1638 1308 1693 perinde
1338 1637 1535 1680 violatur.
1600 1636 1798 1693 Suspicor

211 1710 423 1764 scripsisse
454 1712 647 1764 poetam,
681 1713 730 1750 ut
762 1709 814 1751 ad
847 1708 1096 1751 Strabonem
1130 1710 1352 1751 annotavi:

485 1780 570 1821 ἰδὼν
605 1779 637 1820 δ’
671 1780 975 1833 ἀμηχανοῦντα
1009 1781 1048 1820 σ’
1080 1780 1253 1830 οἷκτερεῖ
1277 1785 1485 1822 ΠΑΤΗΡ.

212 1850 432 1906 adscripsit
475 1850 528 1892 ad
569 1851 704 1902 πατήρ
747 1852 887 1894 nescio
928 1852 1022 1906 quis
1064 1850 1080 1892 ὁ
1127 1850 1227 1897 Ζεύς
1273 1854 1315 1892 et
1355 1852 1416 1892 sic
1456 1849 1635 1906 vulgata
1673 1849 1798 1892 lectio

211 1924 311 1963 nata
344 1926 419 1963 est.

272 2060 474 2117 Aeschyli
506 2061 655 2117 fragm.
693 2059 792 2102 289.

393 2135 518 2173 ΠΞσα
552 2134 633 2184 γὰρ
665 2133 791 2182 Τροία
825 2131 1000 2183 δέδορκεν
1029 2132 1219 2183 ‘'Em-opos
1254 2131 1390 2184 τύχης
1423 2131 1520 2173 διαί.

211 2202 329 2245 nulla
369 2203 435 2244 his
467 2203 607 2245 verbis
639 2203 828 2244 subiecta
860 2206 923 2244 est
955 2204 1176 2244 sententia.
1236 2202 1436 2244 Nondum
1468 2202 1655 2257 poenitet
1683 2203 1797 2243 vete-

211 2275 269 2315 ris
302 2275 562 2315 coniecturae
592 2287 667 2329 pro
700 2273 875 2325 δέδορκεν
905 2277 947 2316 et
978 2272 1111 2324 τύχης
1139 2273 1353 2316 emendari
1379 2278 1568 2329 oportere
1597 2270 1797 2313 δέδΟΙκεν

213 2348 255 2386 et
298 2350 470 2398 Ψυχῆς,
512 2344 556 2386 id
599 2348 662 2386 est
690 2343 879 2397 Ἕκτορος
912 2343 1171 2398 φοβουμένου
1205 2346 1324 2385 πᾶσα
1359 2344 1380 2392 ἡ
1415 2344 1541 2396 Τροία
1573 2343 1629 2389 εἷς
1663 2340 1796 2394 φόβον

214 2415 450 2459 καθίςαται.

275 2557 511 2613 Aeschylus
542 2557 694 2614 fragm.
731 2556 832 2599 374.

609 2628 800 2679 ἐναγώνιε
831 2627 978 2673 Μαίας
1012 2626 1080 2668 καὶ
1115 2626 1211 2673 Διὸς
1239 2628 1393 2677 Ἑρμᾶ.

213 2701 258 2742 in
299 2701 366 2741 his
407 2698 662 2742 vocabulum
703 2713 838 2741 unum
879 2701 1006 2754 periit
1046 2702 1088 2741 et
1134 2710 1443 2753 supervacuum
1491 2697 1553 2737 est
1594 2693 1791 2736 alterum.

215 2769 409 2812 Restitue
442 2771 501 2811 sic
533 2783 730 2811 numeros
762 2771 1058 2825 anapaesticos.

608 2840 797 2891 ἐναγώνιε
830 2840 961 2896 (ΠΑΙ)
996 2840 1140 2888 Μαίας
1174 2839 1243 2882 καὶ
1279 2836 1388 2885 Διός.

216 2916 257 2956 et
288 2925 481 2969 expunge
513 2913 661 2964 Ἑρμᾶ.
