1946 3298
891 155 975 198 439

146 282 445 326 animadvertit
484 280 682 337 Ulyssem
723 286 847 322 tamen
879 294 952 336 per
983 280 1126 322 decem
1159 281 1247 323 dies
1278 282 1462 323 inediam
1492 283 1713 338 pertulisse

149 361 293 409 „atque
322 353 366 393 in
396 352 480 394 vita
512 351 761 392 remansisse”
793 351 990 405 additque
1020 350 1263 405 plebeculae
1293 351 1478 393 fabellas.
1532 352 1714 394 Memini

144 425 190 465 in
220 425 355 478 patria
385 426 525 464 nostra
555 436 624 463 me
655 435 782 476 puero
816 425 1000 463 astutam
1030 421 1327 462 mulierculam
1354 435 1426 476 per
1452 435 1579 463 ant-‚os
1601 436 1714 464 com-

144 492 285 548 plures
329 491 549 534 simulasse
591 505 633 533 se
674 493 789 533 omni
822 490 1022 532 alimento
1054 491 1282 540 abstinere,
1327 492 1395 531 cui
1427 491 1547 532 hians
1579 491 1715 546 plebe-

145 561 240 605 cula
271 562 379 604 dona
409 565 450 604 et
488 560 741 603 munuscula
778 561 957 611 ferebat,
1002 561 1112 602 unde
1143 562 1187 601 in
1216 560 1338 602 molli
1370 562 1454 602 otio
1484 564 1624 603 satura
1655 564 1717 602 vi-

144 638 233 676 tam
280 633 445 689 agebat.
507 631 601 673 Non
645 631 873 686 decepisset
917 631 1248 681 Dicaearchum,
1296 637 1345 672 ut
1384 633 1540 686 opinor.
1605 630 1716 682 Quid

143 705 278 760 igitur
308 700 523 745 dicamus?
561 701 666 742 'Pam
699 701 883 743 sublesta
915 700 1015 742 fides
1047 704 1109 742 est
1140 702 1315 743 testium
1347 703 1471 743 toties
1500 703 1544 742 in
1575 702 1713 743 mani-

143 774 248 816 festo
290 786 423 815 errore
466 772 839 827 deprehensorum,
885 775 933 812 ut
974 774 1111 825 spreta
1154 785 1298 813 eorum
1330 770 1715 826 quantulacumque

143 845 393 885 auctoritate
423 842 502 884 hoc
534 841 671 883 solum
705 841 931 883 tenendum
964 842 1019 882 sit
1044 841 1091 881 id
1115 842 1216 895 quod
1234 841 1334 896 fieri
1360 856 1435 882 non
1454 842 1581 894 possit
1608 855 1717 881 mim—

142 928 255 969 quam
288 928 366 954 esse
386 913 562 968 factum.

204 983 357 1035 Quales
389 982 558 1024 tandem
591 983 675 1023 sint
705 981 771 1023 illi
798 985 945 1035 testes,
975 994 1076 1036 quos
1103 979 1210 1022 solos
1237 981 1440 1022 habemus
1457 982 1714 1036 superstites,

142 1057 184 1096 et
220 1067 347 1109 quam
389 1052 567 1094 absurda
611 1052 948 1103 παρκκούσμοιτοι
992 1052 1267 1092 dormitantes
1306 1052 1632 1107 propagaverint
1673 1053 1716 1092 in

140 1124 380 1165 Aristoxeni
406 1122 641 1178 fragmento
664 1122 896 1164 ostendam.
932 1121 1093 1177 Magna
1115 1122 1324 1176 gravitate
1347 1121 1493 1162 scribit
1509 1120 1717 1177 Diogenes

140 1193 354 1243 Laertius,
400 1206 481 1247 quo
518 1193 643 1247 pauci
674 1195 772 1233 sunt
805 1192 856 1233 ab
887 1192 1046 1233 iudicio
1077 1189 1349 1239 infirmiores,
1384 1189 1496 1233 VIII.
1536 1191 1590 1232 14
1626 1192 1719 1247 (Py-

141 1264 356 1317 mayor-am)
403 1268 647 1304 ΠΡΩΤΟΝ
690 1263 745 1308 εἷς
788 1262 879 1308 τοὺς
920 1260 1130 1307 ’Έλληνας
1169 1260 1301 1312 μέτρα
1334 1260 1402 1301 καὶ
1436 1261 1579 1311 §ababa
1611 1263 1715 1310 εἰση-

141 1335 362 1385 γήσασθαι.
429 1332 474 1374 Si
517 1335 610 1387 quis
653 1335 758 1376 serio
803 1332 967 1374 credere
999 1334 1136 1386 potest
1168 1334 1263 1372 ante
1294 1330 1585 1387 Pythagoram
1617 1346 1717 1387 pon-

142 1405 311 1446 deribus
354 1407 395 1445 et
437 1405 641 1445 mensuris
690 1402 870 1445 Graecos
914 1416 996 1443 non
1044 1415 1130 1443 esse
1171 1414 1290 1454 usOS,
1338 1414 1420 1442 non
1461 1401 1648 1443 multum
1692 1417 1715 1445 a

140 1475 340 1531 Menagio
380 1474 570 1516 diversus
611 1475 709 1524 erit,
757 1487 838 1528 quo
870 1473 1126 1523 ἀκριτώτερον
1159 1472 1376 1513 hominem
1406 1486 1487 1513 non
1519 1473 1640 1515 credo
1671 1476 1711 1514 in

140 1547 262 1588 terris
304 1558 506 1599 umquam
551 1544 692 1586 fuisse.
755 1543 909 1586 Multis
951 1543 1193 1585 nominibus
1224 1542 1267 1582 id
1299 1556 1385 1583 esse
1417 1541 1539 1596 plane
1573 1543 1712 1584 absur-

140 1615 242 1657 dum
286 1615 396 1670 quod
437 1617 576 1656 narret
619 1628 670 1655 ne
717 1615 876 1670 cogitat
924 1613 1108 1668 quidem.
1174 1611 1358 1662 Quadrat
1395 1613 1439 1653 in
1473 1626 1570 1653 eum
1603 1614 1713 1668 quod

139 1685 304 1741 lepidus
336 1683 559 1727 Gallorum
588 1688 711 1739 poeta
741 1685 842 1725 iecit
873 1685 917 1725 in
948 1684 1164 1725 hominem
1197 1682 1487 1737 pereruditum
1519 1683 1590 1724 sed
1616 1696 1714 1724 sana

138 1759 281 1798 mente
311 1754 550 1809 iudicioque
582 1757 816 1796 carentem:

408 1840 460 1865 au
483 1839 564 1878 peu
595 1824 756 1878 d'esprit
788 1839 860 1879 que
893 1825 929 1864 Ze
961 1824 1177 1865 bonhomme
1208 1822 1316 1863 avait

410 1895 559 1948 Z'esprib
589 1894 769 1936 d’autrm'
789 1910 870 1949 pai·
902 1894 1145 1947 eomple'ment
1181 1892 1351 1941 servazii,

498 1966 533 2005 il
562 1965 783 2020 compilait,
819 1964 1040 2018 eompilait,
1075 1963 1286 2016 compilarit.

198 2036 311 2079 Audi
345 2035 470 2078 modo
503 2036 605 2090 quid
637 2037 743 2077 serio
774 2035 1059 2076 annotaverit:
1097 2033 1177 2082 „Id
1199 2033 1378 2073 Plcidom·
1404 2033 1549 2086 Aiyivo
1574 2035 1714 2077 tribuit

138 2107 300 2149 Plinius
330 2106 422 2147 VII.
456 2105 524 2147 56.
556 2106 764 2147 Palamedi
795 2107 1039 2147 Athanasius
1067 2104 1110 2144 in
1143 2104 1318 2144 oraiione
1350 2105 1535 2145 adversus
1558 2110 1712 2156 ²fflssnr‘aees:

138 2181 214 2218 τῶν
252 2177 292 2218 δὲ
336 2177 597 2227 γραμμάτων
640 2177 712 2225 τὴν
750 2175 939 2225 σύνταξιν
973 2174 1041 2215 καὶ
1076 2174 1264 2223 ἀριθμοὺς
1297 2174 1385 2215 καὶ
1420 2174 1590 2225 μέτρα
1625 2176 1712 2217 καὶ

139 2247 319 2297 ςικθμοὶ
353 2248 612 2295 Παλαμήδης
646 2245 849 2298 §osope-ff
912 2244 1033 2287 Nihil
1065 2244 1249 2299 amplius
1281 2244 1397 2285 addit
1430 2247 1471 2286 et
1503 2247 1609 2287 sitne
1635 2247 1712 2288 hoc

137 2317 340 2360 Phidonis
373 2332 424 2359 an
454 2317 694 2359 Palamedis
727 2330 778 2358 an
810 2316 1078 2372 Pythagorae
1111 2315 1155 2354 in
1187 2315 1345 2355 incerto
1378 2313 1590 2369 relinquit.

197 2387 416 2449 Undenam
459 2388 533 2429 has
569 2400 704 2444 nugas
735 2386 969 2442 Diogenem
1003 2385 1225 2439 arripuisse
1256 2382 1405 2438 putas?
1453 2383 1544 2439 Ipse
1579 2386 1709 2429 dixit:

139 2458 207 2499 ux}
251 2462 400 2510 πρῶτον
444 2459 500 2503 εἷς
543 2457 634 2502 τοὺς
671 2457 878 2504 Ἕλληνας
919 2455 1052 2506 μέτρα
1094 2455 1162 2494 καὶ
1207 2453 1348 2502 caerae}
1383 2455 1706 2505 εἰσηγήσασθαι,

139 2527 245 2570 καθά
288 2532 410 2579 Φησιν
450 2529 857 2571 'APICTOEGNOC
890 2526 906 2566 ὁ
939 2525 1138 2574 μουσικός.
1202 2523 1361 2565 Eodem
1395 2524 1461 2566 die
1493 2526 1709 2568 credemus

139 2603 179 2641 et
210 2598 312 2640 haec
354 2599 582 2639 memoriae
620 2597 849 2652 prodidisse
882 2597 1178 2636 Aristoxenum
1211 2597 1252 2635 et
1283 2593 1358 2635 illa
1388 2594 1706 2637 Dicaearchum.

137 2667 304 2710 Diserta
346 2672 488 2709 tamen
531 2668 772 2709 testimonia
803 2669 920 2716 sunt,
965 2665 1036 2707 sed
1067 2664 1201 2706 nihilo
1233 2665 1374 2705 minus
1406 2666 1573 2706 omnino
1605 2665 1709 2707 falsa

139 2741 181 2780 et
211 2740 435 2794 supposita.

197 2876 246 2919 In
279 2878 437 2920 vicinia
464 2876 487 2932 ᾖ
519 2875 619 2919 251.
660 2875 830 2918 auditur
870 2889 969 2919 vera
1012 2877 1053 2917 et
1084 2876 1324 2928 incorrupta
1356 2886 1437 2915 vox
1469 2873 1708 2915 Aristoxeni
