1946 3298
852 171 937 214 421

110 299 252 342 monio
292 299 446 341 nititur
482 296 633 342 multis
662 295 906 340 nominibus
921 294 1116 339 ''absurda
1147 298 1210 340 est
1241 299 1283 340 et
1313 310 1411 341 cum
1442 312 1584 344 rerum
1614 300 1688 343 ho-

108 371 359 425 minumque
399 372 549 412 natura
589 371 766 425 pugnat.
827 367 1058 424 Dionysius
1103 371 1168 415 (ut
1209 369 1345 422 aiunt)
1390 368 1531 412 ποέντα
1569 373 1687 413 ποιῶν

108 440 259 486 οὐδενὸς
305 442 437 482 αὐτῶν
479 440 747 491 ἐπετύγχανε
788 443 858 487 τῆς
896 439 1057 490 φιλίας.
1122 437 1233 490 Quid
1264 437 1426 496 igitur?
1488 440 1612 482 Misit
1642 442 1688 483 in

108 510 279 552 Italiam
321 510 469 554 Dionis
509 511 682 553 fratrem
723 509 1012 566 Eurymenem
1056 508 1124 563 (de
1167 523 1248 564 quo
1282 523 1407 552 nemo
1439 510 1688 552 mortalium

107 594 313 636 umquam
366 581 596 637 quidquam
641 580 869 635 inaudivit)
919 593 1018 621 cum
1065 582 1228 621 armata
1274 594 1398 622 manu
1448 583 1499 621 ut
1544 580 1689 623 decem

108 650 379 707 philosophos
408 653 590 694 inermes
621 665 672 692 ex
702 650 868 692 insidiis
895 650 1148 705 opprimeret
1175 650 1480 705 adduceretque
1508 650 1560 692 ad
1586 664 1689 693 sese.

108 720 286 764 Volebat
313 723 447 779 igitur
470 722 530 763 sic
556 721 730 763 illorum
757 721 993 763 amicitiam
1021 720 1102 762 sibi
1129 720 1372 762 conciliare:
1400 734 1527 776 quam
1554 724 1688 771 recte,

108 791 154 833 id
194 790 463 847 Hippobotus
510 794 552 834 et
598 791 811 834 Neanthes
857 791 1055 834 viderint.
1117 790 1365 846 Philosophi
1410 792 1455 832 in
1502 790 1690 834 convalle

107 875 235 917 prope
275 861 506 904 Tarentum
546 863 591 903 in
633 862 806 904 insidias
846 861 1123 917 praecipitant
1165 861 1347 916 dantque
1388 874 1431 902 se
1478 862 1522 902 in
1565 861 1690 916 pedes

111 933 199 987 (τὴν
230 932 312 984 γαρ
344 932 528 985 ἀνδρείαν
561 931 729 985 ᾔδεσαν,
763 935 813 974 ut
844 933 948 974 scite
980 931 1276 982 admonemur,
1309 930 1517 985 φευκτέων
1545 947 1592 973 τε
1619 930 1688 972 καὶ

110 1002 386 1052 ὑπομενετέων
442 1002 666 1053 ε’πιςήμην,
720 1003 855 1059 igitur
900 1002 1190 1052 ἐπιςημονικῶς
1240 1005 1459 1058 capessunt
1503 1001 1688 1059 fugam).

108 1072 250 1115 Facile
285 1073 528 1130 effugissent
560 1072 745 1128 expediti
776 1073 965 1129 graviter
996 1076 1179 1115 armatos
1210 1073 1293 1114 nisi
1323 1074 1367 1114 in
1400 1086 1596 1128 campum
1629 1072 1689 1115 fa-

108 1143 174 1186 bis
205 1145 414 1186 consitum
445 1144 713 1198 incidissent,
753 1157 856 1199 quas
887 1142 956 1186 vel
991 1148 1148 1196 tanyere
1177 1143 1303 1185 nefas.
1367 1143 1514 1198 Itaque
1546 1156 1690 1186 omnes

109 1214 387 1256 contrucidati
431 1218 542 1256 sunt.
606 1213 871 1256 Stomachari
912 1213 1197 1270 Eurymenes‚
1241 1214 1350 1269 quod
1387 1214 1476 1256 sine
1507 1214 1689 1269 philoso-

107 1284 203 1340 phis
244 1289 350 1327 esset
383 1285 435 1327 ad
467 1289 695 1342 tyrannum
728 1284 1002 1327 redeundum.
1066 1282 1177 1326 Casu
1209 1287 1351 1326 autem
1386 1287 1496 1340 cepit
1527 1298 1684 1336 unum,

109 1357 182 1411 qui
215 1369 312 1398 cum
345 1369 474 1398 uxore
505 1356 682 1413 gravida
715 1356 874 1412 (ἔγκυος
905 1353 1006 1397 οὖσα
1035 1354 1103 1397 τὸν
1132 1354 1297 1397 δέκατον
1324 1355 1394 1404 ἤδη
1420 1360 1532 1406 μῆνα
1559 1354 1687 1412 εἶχεν)

108 1429 150 1468 et
191 1427 249 1468 sic
295 1427 476 1469 tardiore
521 1427 656 1484 gradu
697 1426 944 1482 procedente
986 1440 1009 1468 a
1050 1429 1169 1483 tergo
1209 1425 1382 1468 relictus
1425 1430 1524 1469 erat.
1596 1427 1687 1470 Hos

108 1497 160 1539 ad
201 1511 243 1539 se
286 1497 487 1540 adductos
528 1501 672 1539 onerat
713 1498 931 1552 promissis
971 1496 1201 1552 Dionysius
1244 1499 1285 1538 et
1325 1496 1529 1538 dimidiam
1576 1498 1687 1551 requi

102 1572 252 1622 partem
286 1568 503 1622 pollicetur
548 1569 809 1625 (agnoscisne
853 1567 1109 1623 Dionysium
1121 1565 1167 1622 ἵ).
1233 1565 1408 1622 Spretus
1456 1567 1687 1610 exardescit

104 1639 169 1680 ira
209 1641 251 1680 et
291 1642 453 1681 remoto
485 1642 638 1680 marito
670 1637 926 1694 Timycham
957 1638 1186 1680 foeminam
1218 1638 1362 1680 decem
1394 1652 1558 1681 menses
1590 1653 1686 1696 gra-

105 1708 249 1752 vidam
279 1712 470 1764 torquere
501 1712 634 1764 parat.
699 1709 886 1751 Frustra.
952 1708 1161 1764 Timycha
1193 1708 1274 1750 sibi
1304 1707 1498 1765 linguam
1529 1710 1686 1752 mordi-

106 1792 178 1821 cus
210 1779 388 1821 abscidit
419 1783 460 1821 et
491 1781 534 1821 in
566 1781 737 1835 tyranni
770 1793 814 1821 os
846 1780 1015 1834 exspuit
1045 1777 1316 1833 (οἷποκόφασα
1345 1778 1600 1830 προσέπτυσε
1627 1781 1683 1833 τῷ

105 1849 312 1907 τυράννῳ).
375 1849 522 1905 Itaque
563 1863 674 1892 nunc
716 1863 879 1905 quoque
910 1848 1058 1891 infelix
1089 1853 1294 1905 tyrannus
1326 1848 1466 1891 πάντα
1499 1851 1592 1902 δρῶν
1625 1852 1685 1894 οὐ-

106 1920 211 1966 δενὸς
254 1920 522 1974 ἐπετύγχανε
563 1926 635 1969 τῆς
678 1921 838 1974 φιλίας.
908 1920 1020 1974 „Hoc
1038 1920 1211 1975 fabulas
1237 1920 1374 1974 pueris·
1405 1924 1461 1962 est
1493 1936 1681 1977 narrare,

105 2005 183 2033 non
214 1992 420 2034 historiam
451 1990 657 2033 scribere.”

162 2061 321 2105 Eadem
364 2077 416 2105 ex
456 2062 609 2104 iisdem
641 2064 884 2105 narraverat
914 2060 1177 2117 Porphyrius
1211 2065 1232 2118 §
1268 2060 1337 2104 61.
1366 2061 1609 2114 Ἱππόβοτος
1644 2063 1683 2106 δὲ

102 2132 170 2175 καὶ
219 2132 400 2181 Νεάνθης
448 2133 534 2185 περὶ
582 2132 772 2175 Μνλλίου
821 2132 888 2174 καὶ
939 2131 1142 2184 Τιμόχας
1184 2132 1564 2185 ἱςοροῦοηνθμᾈήθῆμ)ὲ
1607 2134 1680 2179 sed

101 2205 314 2259 perierunt
345 2203 519 2259 reliqua.

161 2274 400 2331 Diligenter
430 2278 659 2330 utrumque
689 2273 832 2316 locum
865 2274 1142 2317 consideranti
1174 2275 1391 2330 apparebit
1421 2289 1554 2332 neque
1580 2276 1682 2322 Por-

100 2345 304 2402 phyrium
335 2359 468 2401 neque
500 2345 787 2388 Iamblichum
818 2344 948 2387 libros
980 2344 1215 2400 Hippoboti
1247 2350 1289 2387 et
1318 2345 1524 2388 Neanthis
1562 2347 1680 2391 lecti-

101 2419 235 2471 tasse,
267 2416 338 2459 sed
369 2421 598 2471 utrumque
627 2415 937 2458 Nicomachum
969 2415 1223 2466 describere,
1257 2417 1331 2471 qui
1360 2416 1534 2459 illorum
1566 2422 1682 2462 testi-

101 2488 256 2529 moniis
285 2500 387 2529 usus
417 2486 570 2530 fuerat.
630 2485 749 2528 Idem
779 2488 824 2528 in
857 2485 952 2528 aliis
983 2499 1147 2541 quoque
1179 2487 1357 2531 testibus
1397 2501 1477 2529 usu
1517 2492 1679 2533 venisse

101 2558 192 2601 veri
223 2556 497 2600 simillimum
530 2560 606 2600 est.

163 2696 278 2749 Quae
317 2699 549 2752 sequuntur
590 2699 732 2740 contra
773 2698 815 2739 et
855 2698 1030 2739 naturae
1066 2699 1303 2754 congruunt
1331 2698 1477 2742 omnia
1507 2702 1549 2741 et
1581 2714 1679 2744 cum

102 2764 370 2823 Pythagorae
416 2768 587 2824 ingenio
634 2768 889 2810 conveniunt
935 2770 978 2809 et
1023 2768 1106 2810 viri
1153 2768 1404 2822 sapientiam
1446 2768 1676 2827 declarant,

103 2836 226 2892 quale
266 2841 330 2880 est
367 2838 477 2894 quod
516 2837 676 2896 legitur
716 2838 740 2894 ξ
775 2837 872 2880 196.
908 2833 952 2886 ἧν
985 2839 1123 2886 αὐτοῖς
1158 2837 1456 2890 παράγγελμα
1487 2841 1537 2887 ὡς
1570 2841 1678 2884 οὐδὲν

103 2906 166 2951 δεῖ
201 2911 278 2951 τῶν
319 2908 564 2963 ἀνθρωπίνων
606 2907 927 2961 συμπτωμάτων
972 2908 1268 2964 ἀπροσδόκητον
1310 2906 1410 2952 εἶναι
1448 2911 1562 2965 παρα
1593 2916 1675 2967 τοῖς
