1946 3298
897 152 982 198 471

154 278 236 325 loci
283 281 438 324 alicubi
484 281 573 323 sine
621 279 862 322 Aristoxeni
900 278 1068 320 nomine
1108 277 1224 320 latet.
1288 276 1398 319 Ubi?
1447 277 1613 321 dixeris.
1677 276 1728 320 In

152 351 396 408 propatulo,
439 351 550 406 apud
591 348 834 393 Ciceronem
876 350 923 390 de
956 351 1158 390 Senectute
1190 348 1287 391 ΧΠ.
1321 348 1392 390 41.
1424 348 1499 390 ubi
1532 346 1635 391 Cato
1667 349 1726 390 sic

151 422 324 478 loquens
350 422 586 464 inducitur:
621 421 797 476 Accipite
824 423 941 465 enim,
974 419 1110 473 optimi
1142 420 1414 468 adolescentes,
1451 425 1615 460 veterem
1637 433 1726 459 ora-

153 493 293 535 tionem
324 494 518 546 Archytae
551 492 780 546 Tarentini,
813 490 944 544 maqni
975 489 1165 543 imprimis
1198 495 1234 530 et
1257 490 1462 543 praeclari
1494 489 1596 538 viri,
1630 503 1726 544 quae

152 563 250 605 mihi
289 564 441 605 tradita
482 570 540 605 est
578 578 693 619 quum
728 577 844 604 essem
876 561 1097 602 adolescens
1133 560 1297 602 Tarenti
1329 575 1412 601 cum
1450 561 1497 609 Q.
1533 559 1727 601 Maximo.

157 635 331 689 „nullam
373 634 641 689 capitaliorem
677 637 823 687 pestem
867 646 979 687 quam
1021 634 1190 684 corporis
1232 631 1464 684 voluptatem
1509 628 1727 671 hominibus

151 704 303 746 dicebat
333 719 357 745 a
388 709 534 746 natura
565 704 718 756 datam,
751 702 863 744 cuius
894 701 1108 756 voluptatis
1138 701 1278 742 avidae
1310 700 1494 741 libidines
1526 704 1663 741 temere
1690 703 1725 740 et

152 777 340 832 effrenate
355 775 410 815 ad
419 774 646 827 potiendum
663 773 939 815 incitarentur.
974 772 1083 812 Hinc
1095 772 1250 825 patriae
1269 771 1526 825 proditiones,
1554 770 1646 810 hinc
1667 784 1726 811 re-

150 860 236 886 rum
257 846 509 899 publicarum
541 844 773 894 eversiones,
810 844 902 884 hinc
934 858 1017 884 cum
1048 843 1222 884 hostibus
1254 842 1499 883 clandestina
1534 840 1726 895 colloquia

150 914 290 965 nasci;
317 915 471 956 nullum
498 915 663 970 denique
692 917 837 968 scelus,
870 915 1023 954 nnllam
1049 914 1193 954 malum
1214 913 1385 967 facinus
1412 927 1513 962 esse,
1548 912 1602 952 acl
1625 911 1729 966 quod

151 986 437 1041 suscipiendum
462 1000 540 1027 non
566 986 688 1027 libido
715 985 927 1040 voquotatis
950 984 1163 1038 impelleret
1172 1002 1189 1033 ;
1212 988 1350 1037 stupra
1367 997 1454 1024 vero
1473 989 1511 1023 et
1527 980 1727 1022 adulteria

150 1062 186 1099 et
218 1071 325 1098 omne
356 1057 436 1098 tale
456 1056 662 1111 flaqitium
693 1056 819 1097 nullis
850 1054 1016 1096 excitari
1048 1054 1143 1095 aliis
1170 1053 1366 1095 illecebris
1393 1053 1473 1094 nisi
1499 1051 1724 1105 voluptatis.

155 1127 355 1183 Quumque
379 1127 527 1168 homini
552 1127 634 1168 sive
659 1131 803 1168 natura
828 1126 909 1167 sive
938 1125 1024 1181 quis
1052 1126 1146 1166 deus
1173 1124 1280 1165 nihil
1302 1128 1426 1165 mente
1442 1122 1726 1178 praestabilius

149 1198 336 1248 dedisset,
372 1198 464 1239 huic
496 1198 630 1239 divino
656 1200 808 1238 muneri
834 1212 879 1238 ac
904 1197 1003 1238 dono
1030 1196 1138 1237 nihil
1167 1210 1245 1237 esse
1279 1199 1356 1236 tam
1388 1194 1588 1235 inimicum
1616 1208 1726 1248 quam

149 1270 396 1324 voluptatem.
427 1269 511 1311 Nec
528 1272 627 1310 enim
645 1268 812 1310 libidine
828 1268 1052 1309 dominante
1068 1265 1347 1320 temperantiae
1361 1266 1484 1306 locum
1497 1279 1586 1315 esse,
1605 1279 1727 1319 neque

151 1343 304 1381 omnino
330 1340 374 1381 in
400 1339 616 1394 uoluptatis
643 1354 758 1392 reqno
787 1339 968 1380 virtutem
984 1352 1100 1392 posse
1121 1337 1342 1378 consistere.
1382 1336 1495 1388 Quod
1510 1351 1584 1391 quo
1602 1335 1724 1387 mayis

151 1410 326 1464 intettiqi
354 1414 480 1464 posset
500 1412 657 1465 finqere
689 1414 817 1451 animo
848 1410 1002 1450 iubebat
1029 1413 1141 1450 tanta
1167 1408 1371 1450 incitatum
1398 1407 1566 1461 aliquem
1592 1409 1725 1459 volup-

152 1485 232 1522 tate
272 1484 442 1535 corporis
483 1486 631 1536 quanta
664 1481 821 1536 percipi
852 1480 982 1534 possit
1023 1482 1214 1520 munima:
1254 1478 1402 1519 nemini
1432 1477 1605 1518 censebat
1625 1477 1725 1532 fore

152 1551 312 1592 dubium
349 1551 446 1607 quin
488 1552 639 1593 tamdiu
679 1552 768 1592 dum
811 1551 868 1592 ita
903 1551 1092 1603 qauderet
1122 1537 1227 1590 nihil
1258 1548 1410 1601 aqitare
1441 1552 1587 1597 mente,
1621 1547 1726 1587 nihil

152 1622 327 1674 ratione,
361 1622 469 1664 nihil
497 1626 727 1676 coqitatione
762 1622 941 1677 consequi
965 1625 1108 1675 posset.
1179 1619 1369 1671 Quocirca
1399 1618 1506 1659 nihil
1536 1631 1613 1658 esse
1645 1621 1722 1658 tam

152 1693 379 1736 detestabile
410 1698 561 1749 tamque
583 1694 822 1748 pestiferum
854 1707 967 1748 quam
996 1692 1252 1746 voluptatem:
1283 1690 1319 1731 si
1350 1690 1503 1745 quidem
1535 1704 1579 1730 ea
1609 1703 1725 1744 quum

152 1765 277 1806 maior
319 1768 414 1806 esset
456 1769 570 1820 atque
615 1764 766 1817 lonqior
803 1778 909 1805 omne
951 1762 1075 1804 animi
1110 1763 1238 1802 lumen
1271 1758 1548 1813 eatinquerct.'’
1609 1758 1725 1801 Haec

151 1835 387 1892 Polyarcho
418 1836 473 1887 τῷ
509 1835 708 1884 ἡδυπαθεῖ
737 1834 945 1890 Archytas
977 1832 1199 1888 respondit.
1265 1831 1381 1873 Haec
1415 1829 1558 1872 Cicero
1597 1830 1726 1872 vertit

153 1919 204 1948 ex
235 1907 486 1949 Aristoxeno
519 1907 558 1947 ἐν
590 1906 644 1958 τῷ
679 1904 868 1956 Ἀρχύται
901 1903 1002 1955 βίῳ,
1038 1916 1164 1958 quem
1196 1901 1340 1943 sedulo
1373 1901 1424 1943 ab
1456 1914 1502 1942 eo
1531 1913 1617 1942 esse
1645 1899 1726 1941 leo-

151 1977 350 2027 titatum,
385 1990 644 2031 quamquam
677 1979 887 2017 auctorem
921 1988 1003 2016 non
1029 1975 1238 2022 nominat,
1275 1987 1324 2014 ex
1353 1972 1446 2014 aliis
1474 1970 1726 2027 quibusdam

151 2046 254 2090 locis
295 2048 512 2102 perspicue
554 2046 835 2103 intelligitur,
878 2047 926 2086 ut
965 2046 1010 2085 in
1046 2042 1282 2084 Tusculanis
1314 2041 1385 2084 IV.
1420 2040 1490 2084 36.
1534 2042 1725 2082 laudatur

152 2117 260 2159 illud
299 2119 494 2174 Archytae
536 2118 604 2173 qui
645 2132 728 2158 eum
767 2116 901 2158 villico
921 2116 1068 2171 factus
1100 2119 1195 2156 esset
1225 2114 1390 2155 iratior:
1420 2128 1491 2168 quo
1524 2117 1560 2153 te
1591 2113 1724 2166 modo,

154 2187 306 2243 inquit,
350 2192 573 2242 accepissem
589 2219 599 2238 ,
644 2188 724 2229 nisi
767 2188 896 2228 iratus
928 2187 1071 2228 essem!
1131 2185 1430 2226 Aristoxenum
1461 2183 1505 2224 id
1535 2184 1724 2238 primum

154 2272 205 2300 ex
250 2261 367 2314 patre
414 2257 639 2314 Spintharo
688 2257 883 2300 auditum
927 2257 983 2312 (ἐν
1028 2255 1082 2307 τῷ
1129 2253 1320 2308 Ἀρχύται
1364 2253 1456 2310 βίῳ)
1497 2253 1725 2296 memoriae

152 2329 384 2384 prodidisse
416 2332 577 2371 constat
611 2343 660 2371 ex
689 2327 922 2370 Iamblicho
955 2328 977 2381 ξ
1011 2324 1110 2369 197.

213 2400 359 2456 Neque
390 2400 575 2442 dubitari
606 2402 743 2455 potest
775 2399 876 2453 quin
904 2398 1014 2453 quod
1039 2397 1207 2453 legatur
1233 2397 1278 2437 in
1303 2394 1448 2437 libello
1475 2394 1522 2436 cle
1548 2393 1725 2437 amicitia

154 2469 226 2513 23.
262 2469 331 2512 88.
376 2485 506 2513 verum
548 2485 634 2523 erqo
677 2469 784 2510 illud
815 2473 870 2510 est
901 2469 1004 2524 quod
1033 2484 1057 2508 a
1092 2466 1303 2509 Tarentino
1337 2466 1538 2521 Archyta,
1570 2470 1614 2508 ut
1645 2468 1725 2519 opi-

153 2556 239 2596 nor,
271 2540 352 2582 dici
382 2541 540 2583 solitum
569 2545 719 2582 nostros
749 2554 856 2582 senes
888 2553 1177 2582 commemorare
1209 2536 1346 2578 audiui
1379 2536 1425 2576 ab
1454 2536 1549 2578 aliis
1572 2537 1726 2577 senibus

154 2611 352 2654 auditum:
398 2612 468 2663 „Si
507 2614 593 2667 quis
634 2611 678 2652 in
719 2611 862 2652 coelum
905 2610 1167 2651 adscendisset
1208 2612 1465 2662 naturamque
1511 2607 1647 2647 mundi
1688 2612 1726 2646 et

148 2682 483 2736 pulchritudinem
523 2682 694 2723 siderum
731 2680 990 2735 perspexisset
1029 2683 1228 2721 insuavem
1270 2678 1382 2719 illam
1429 2676 1725 2718 admirationem

154 2752 191 2793 ei
209 2753 330 2808 fore,
375 2768 472 2809 quae
502 2751 786 2793 iucundissima
805 2751 961 2806 fuisset
991 2751 1027 2791 si
1058 2750 1225 2805 aliquem
1257 2748 1320 2789 cui
1354 2751 1537 2788 narraret
1568 2745 1725 2787 habuis-

154 2821 237 2864 set’'
267 2837 350 2866 non
382 2827 465 2878 est,
499 2824 699 2878 inquam,
733 2821 910 2864 dubium
942 2822 1042 2876 quin
1069 2821 1171 2863 haec
1197 2832 1361 2875 quoque
1388 2817 1499 2873 apud
1515 2817 1727 2858 Aristoxe-

154 2906 259 2935 num
292 2895 330 2936 ἐν
361 2895 414 2948 τῷ
449 2893 639 2947 Ἀρχύται
671 2892 747 2946 βίῳ
781 2906 804 2935 a
836 2894 1029 2934 Cicerone
1060 2891 1170 2934 lecta
1195 2890 1365 2932 fuerint.
1405 2888 1460 2930 Et
1485 2887 1612 2931 habet
1636 2887 1726 2942 ipsa
