1946 3298
849 184 933 226 435

107 310 152 351 in
194 309 317 352 rebus
363 308 558 365 gerendis
601 311 742 366 segnis
788 312 829 352 et
876 312 1010 366 iners,
1069 311 1182 354 idem
1231 315 1373 354 tamen
1417 316 1565 355 natura
1610 307 1683 356 bol

104 393 183 422 nus
225 382 266 421 et
306 380 510 421 bonarum
554 381 709 421 artium
753 381 991 422 admirator.
1050 381 1305 424 Plutarchus
1337 383 1382 423 in
1413 381 1546 424 Dione
1588 397 1678 439 cap.

104 462 175 492 VII.
227 449 244 490 ὃ
292 449 365 499 μὲν
420 447 484 491 οὖν
540 450 743 497 Διονύσιος
804 451 1013 502 ὑπερφυῶς
1063 452 1134 498 την
1181 452 1514 504 μεγαλοψυχίαν
1564 452 1678 506 (Dio-

104 520 185 573 nis)
220 519 428 569 ἐθαύμασε
462 519 530 561 καὶ
563 520 632 568 τὴν
666 521 886 571 προθυμίαν
922 521 1148 571 ἠγάπησεν.
1212 521 1464 564 Plutarchus
1500 523 1548 563 de
1580 523 1678 563 adu-

104 591 230 631 latore
271 595 307 631 et
349 590 470 631 amieo
511 604 608 646 pag.
644 588 698 632 6¹7
743 592 781 631 d.
825 593 965 632 ταῦτα
1009 589 1131 637 οὕτως
1176 593 1330 639 ἐκίνησε
1373 593 1440 634 τὸν
1473 591 1675 634 Διονύσιον

103 658 177 703 ῶςε
210 660 286 706 τὰς
319 661 393 710 μὲν
424 665 569 711 χεῖρας
602 660 656 710 τῷ
692 659 884 702 Πλάτωνι
918 661 1032 707 εὐθὺς
1061 662 1328 713 περιβάλλειν
1355 664 1422 705 καὶ
1454 661 1677 704 κατασπα-

104 729 238 782 ζεσθαι
281 730 352 776 τὴν
395 729 602 778 εὐμένειαν
641 729 708 770 καὶ
742 731 1107 783 μεγαλοφροσύνην
1140 732 1372 783 ἀγάμενον,
1409 736 1532 787 atque
1563 732 1675 774 hunc

102 800 221 842 nobis
252 802 421 841 narrant
452 799 567 840 futili
602 799 652 841 de
686 813 808 842 causa
839 801 1067 843 foeminam
1099 803 1314 844 innoxiam
1347 803 1507 845 decimo
1534 815 1677 844 mense

101 870 322 927 gravidam
370 873 561 923 torquere
608 869 815 912 voluisse!
881 871 1012 913 Verus
1063 872 1292 928 Dionysius
1347 872 1421 914 ille
1468 876 1553 926 est,
1603 886 1659 926 qu

102 940 283 982 Damoni
311 943 352 981 et
377 939 574 982 Phintiae
600 954 649 981 ex
679 942 810 982 animi
836 943 1041 983 sententia
1068 941 1196 983 dixit:
1233 942 1424 992 „Utinam
1451 956 1516 994 eqo
1537 945 1675 984 tertius

105 1011 208 1052 vobis
239 1011 385 1051 amicus
416 1010 685 1050 adscriberer!
715 1024 798 1051 non
829 1014 967 1065 pater,
1002 1015 1050 1053 ut
1082 1009 1269 1054 Ciceroni
1302 1013 1545 1054 memoriter
1575 1014 1674 1053 haec

102 1082 288 1123 narranti
318 1080 486 1122 videtur
516 1081 561 1121 in
597 1083 710 1121 Tusc.
750 1080 923 1132 Quaestt.
957 1080 1006 1122 V.
1042 1081 1112 1123 22.

156 1150 321 1193 Mirum
364 1154 425 1192 est
470 1154 631 1205 patrem
675 1164 721 1192 ac
760 1150 897 1192 filium
939 1155 1029 1194 tam
1073 1153 1256 1208 dispares
1294 1153 1343 1195 ab
1377 1153 1553 1195 eruditis
1583 1156 1672 1195 tam

97 1220 365 1278 negligenter
406 1222 516 1262 inter
556 1235 598 1263 se
642 1220 840 1263 confundi
883 1221 1026 1264 solere.
1089 1223 1329 1265 Athenaeus
1373 1237 1420 1265 ea
1451 1227 1591 1265 narrat
1623 1223 1673 1265 de

97 1290 299 1333 Damocle
341 1293 382 1332 et
425 1290 626 1346 Dionysio
669 1292 830 1333 iuniore
864 1292 975 1349 (pag.
1010 1291 1097 1334 250
1116 1293 1167 1347 b.)
1203 1295 1321 1348 quasi
1353 1295 1389 1335 is
1420 1307 1597 1349 paeanas
1627 1294 1673 1335 111

99 1361 300 1403 honorem
343 1361 515 1402 deorum
548 1364 771 1417 pangeret,
815 1363 883 1416 qui
918 1377 1150 1418 numquam
1183 1364 1227 1404 in
1259 1365 1348 1406 vita
1378 1365 1584 1419 poeticam
1613 1367 1673 1406 at-

97 1432 200 1488 tigit
231 1435 273 1473 et
293 1432 483 1486 plostella
517 1446 536 1472 e
566 1432 670 1485 liqno
703 1433 937 1489 pangebat,
971 1447 1054 1475 non
1086 1436 1282 1477 carmina.

157 1569 412 1626 Dionysium
455 1570 647 1612 Corinthi
689 1571 952 1614 exsulantem
985 1573 1259 1615 Aristoxenus
1291 1585 1421 1617 SAEPE
1453 1589 1495 1617 se
1528 1588 1674 1618 conve-

97 1642 207 1683 nisse
239 1641 365 1683 refert
397 1645 438 1684 et
470 1641 608 1684 multa
641 1656 690 1683 ex
723 1656 770 1684 eo
804 1643 1013 1685 audivisse
1046 1644 1090 1684 in
1118 1645 1140 1699 ἓ
1167 1643 1269 1685 234.
1319 1644 1521 1692 Διονύσιος
1557 1646 1673 1686 ἐκπε-

98 1712 172 1752 σὼν
220 1716 292 1759 τῆς
340 1712 563 1764 τυραννίδος
611 1711 856 1765 ἀφικόμενος
906 1714 960 1759 εἷς
1010 1712 1184 1765 Κόρινθον
1233 1721 1528 1757 ΠΟΛΛΑΚΙΟ
1576 1717 1673 1764 ἡμῖν

97 1782 275 1832 διηγεῖτο
317 1783 401 1823 κτὲ.
466 1782 683 1837 Imprimis
715 1783 798 1824 huc
828 1783 929 1824 facit
960 1782 1076 1825 locus
1107 1784 1326 1827 Plutarchi
1357 1787 1402 1827 in
1438 1787 1675 1828 Timoleonte

96 1866 186 1908 cap.
218 1851 311 1894 XV.
346 1853 579 1907 (Dionysius
629 1850 830 1907 Corinthi)
872 1853 966 1905 πρὸς
1000 1854 1066 1895 τὸν
1104 1855 1292 1904 μουσικὸν
1324 1855 1569 1908 Ἀριςόξενον
1601 1857 1674 1899 καί

96 1938 209 1970 τινας
242 1922 395 1969 ἄλλους
430 1922 745 1972 πυνθανομένους
781 1922 918 1965 ὁπόθεν
953 1925 1064 1976 αὐτῷ
1098 1925 1165 1966 καὶ
1199 1926 1260 1972 τίς
1290 1927 1312 1973 ἡ
1340 1926 1434 1977 πρὸς
1463 1926 1669 1970 Πλάτωνα

97 1993 252 2044 γένοιτο
281 1993 456 2045 μέμψις,
487 1997 647 2034 πολλῶν
676 1992 755 2046 ἔφη
786 1999 919 2036 κακῶν
945 1995 1015 2041 την
1044 1995 1256 2047 τυραννίδα
1273 1997 1400 2045 μεςὴν
1419 1993 1540 2039 οὖσαν
1561 1997 1670 2040 οὐδὲν

97 2062 208 2118 ἔχειν
250 2067 485 2112 τηλικοῦτον
528 2064 662 2112 ἡλίκον
708 2064 753 2106 τὸ
797 2065 951 2114 μηδένα
994 2070 1069 2107 τῶν
1112 2066 1341 2116 λεγομένων
1385 2067 1515 2120 φίλων
1558 2068 1671 2118 μετα

96 2135 321 2187 παρρησίας
366 2134 653 2185 διαλέγεσθαι·
698 2136 765 2176 καὶ
811 2136 892 2187 γαρ
936 2137 1058 2181 αὐτὸς
1093 2136 1159 2178 ὑπ’
1193 2137 1345 2179 ἐκείνων
1378 2139 1669 2191 οέποςερηθῆναι

97 2211 168 2253 τῆς
217 2204 434 2250 Πλάτωνος
483 2205 659 2254 εὐνοίας,
711 2218 791 2260 quo
839 2206 929 2248 loco
976 2206 1211 2248 luculenter
1252 2207 1520 2250 confirmatur
1561 2209 1672 2264 quod

97 2289 223 2330 supra
253 2277 452 2330 suspicati
484 2289 644 2325 sumus,
681 2289 729 2318 ea
761 2290 865 2331 quae
896 2276 1097 2332 leguntur
1128 2276 1269 2331 §122
1304 2278 1372 2320 καὶ
1404 2281 1544 2320 ταῦτα
1576 2280 1670 2331 πρὸς

97 2346 241 2387 ἐκεῖνον
285 2346 413 2387 εἰπεῖν
455 2346 523 2387 καὶ
563 2345 618 2387 τοὶ
653 2346 740 2396 περὶ
777 2346 941 2387 Φιντίαν
973 2346 1041 2387 καὶ
1077 2347 1262 2397 Δάμωνα
1294 2349 1416 2399 περί
1445 2364 1500 2390 τε
1533 2348 1671 2392 Hmi-

95 2432 246 2463 τωνος
297 2416 383 2458 καὶ
432 2415 689 2468 Ἀρχύτου
733 2416 800 2457 καὶ
848 2419 904 2458 τα
945 2417 1032 2468 περὶ
1079 2418 1266 2459 Κλεινίαν
1310 2418 1377 2460 καὶ
1413 2424 1587 2474 Πρῶρον,
1621 2421 1671 2463 (16

95 2486 289 2543 Dionysii
322 2501 419 2528 cum
452 2488 701 2528 Aristoxeno
734 2487 996 2529 sermonibus
1027 2487 1213 2544 intelligi
1243 2492 1438 2543 oportere.

155 2556 432 2612 Perspicuum
476 2560 538 2598 est
577 2556 857 2599 Plutarchum
899 2570 982 2599 non
1024 2557 1191 2599 aliunde
1226 2558 1352 2601 huius
1382 2561 1442 2601 rei
1472 2561 1670 2603 notitiam

96 2628 319 2682 sumsisse,
366 2628 449 2668 nisi
490 2641 539 2668 ex
580 2628 712 2682 ipsius
754 2628 994 2669 Aristoxeni
1036 2629 1201 2683 scriptis
1233 2642 1307 2671 sua
1339 2644 1436 2672 cum
1468 2630 1672 2688 Dionysio

96 2697 301 2752 colloquia
332 2710 413 2738 non
444 2696 670 2738 illubenter
701 2699 918 2739 narrantis.

157 2767 276 2819 Quod
307 2771 449 2809 autem
480 2767 754 2809 Aristoxenus
786 2771 926 2810 narrat
958 2769 980 2823 ξ
1011 2767 1108 2811 233.
1147 2768 1392 2821 Ἀριςόξενος
1426 2770 1548 2817 αὐτὸς
1586 2770 1669 2813 δια-

98 2838 278 2886 κηκοέναι
322 2837 423 2890 φησὶ
470 2838 674 2879 Διονυσίου
722 2835 1119 2890 ὅτε-γράμματα
1169 2840 1208 2881 ἐν
1256 2841 1420 2892 Κορίνθῳ
1462 2841 1670 2884 ἐδίδασκεν

100 2906 314 2950 confirmat
346 2908 586 2950 testimonia
620 2921 785 2963 eorum,
819 2910 892 2963 qui
922 2909 1177 2966 Dionysium
1205 2908 1397 2954 Corinthi
1424 2912 1559 2953 ludum
1585 2927 1671 2966 ape-
