1946 3298
887 148 970 191 105

142 276 445 329 ἀνεγείρειν
486 277 586 318 ἀλλ’
618 277 649 319 εἶ
683 273 754 317 καί
785 288 845 320 τις
878 271 1005 320 ἄλλος
1038 272 1218 327 ἐπιφέρει
1252 274 1534 327 κοιμίζειν.
1569 279 1610 319 et
1638 275 1714 320 ΠΙ.

141 347 242 390 244.
284 348 421 400 χρόνος
465 347 641 398 ε’κοίμισε
685 347 756 394 την
801 346 933 397 ὀργήν.
1007 344 1188 387 Omnino
1236 345 1468 388 scribarum
1515 346 1716 390 stolidum

141 432 274 475 genus
307 418 500 469 κομίσαι,
534 419 713 469 κοιμίσαι
747 419 788 458 et
820 420 1023 466 κοσμῆσαι
1054 417 1303 471 permiscere
1336 416 1456 458 solet.

201 488 278 531 Est
333 490 547 546 Euripidis
599 489 888 545 fragmentum
936 486 1046 542 apud
1092 485 1314 529 Scholiast.
1361 487 1534 529 Pindari
1581 488 1715 530 Istkm.

139 558 210 602 IV.
250 559 318 603 39.

440 629 608 674 εὕδουσα
641 629 674 671 δ’
706 632 826 676 Ἰνοῦς
859 628 1052 682 συμφορὰ
1086 627 1212 671 πολὺν
1243 628 1383 682 χρόνον

442 705 507 744 νῦν
540 701 640 752 ὄμμ’
674 701 830 752 ἐγείρει.

197 770 245 813 In
284 771 404 815 libris
447 776 509 815 est
552 772 674 814 ἰδοῦσ’
716 771 871 819 οέδινοὺς
912 769 1142 825 συμφοράς.
1205 769 1506 814 Valckenarius
1537 771 1582 813 in
1615 771 1714 813 Dia-

138 843 238 884 tribe
267 857 365 900 pag.
401 842 499 887 174.
534 844 734 886 correxit:

588 914 724 956 ἰδοῦσαι
759 913 794 955 δ’
829 915 948 961 Ἰνοῦς
981 912 1215 968 συμφοράν.

138 985 312 1041 perfecit
344 986 680 1028 emendationem
711 984 986 1042 Musgravius
1016 996 1240 1040 reponens:

413 1055 593 1099 Εὕδουσα
628 1055 659 1098 δ’
693 1056 816 1102 Ἰνοῦς
848 1061 1050 1108 συμφορΛ
1085 1056 1210 1098 πολὺν
1242 1055 1399 1108 χρόνον.

138 1142 265 1184 quam
305 1131 415 1171 recte
456 1128 759 1171 demonstrabit
799 1127 1052 1170 Plutarchus
1092 1130 1136 1169 in
1172 1128 1344 1170 Antonio
1376 1142 1465 1184 cap⁴
1503 1126 1573 1169 36.
1624 1126 1717 1170 Εὕ-

140 1198 304 1242 δουσα
348 1201 382 1242 δ’
428 1202 448 1250 η
492 1200 595 1248 δεινη
639 1199 891 1253 συμφορὰ
935 1199 1099 1241 πολὺν
1141 1198 1346 1252 χρόνον,
1393 1198 1713 1252 ὁΚλεοποέτρας

139 1270 255 1326 ἔρως,
289 1297 344 1303 -
379 1269 488 1319 αὖθις
522 1270 779 1322 ἀνέλαμπεν.

196 1431 400 1474 Libanius
443 1430 476 1475 I.
525 1430 622 1474 323.
669 1430 737 1473 13.
781 1431 823 1474 οὐ
864 1432 944 1482 μην
985 1430 1065 1476 ἔςιν
1108 1431 1234 1474 εἰπεῖν
1276 1432 1326 1478 ὡς
1359 1457 1414 1463 -
1447 1432 1519 1481 την
1559 1431 1597 1473 ἐν
1630 1435 1712 1479 τοῖς

138 1503 274 1549 δεινοῖς
318 1503 499 1554 ἀνδρείαν
532 1503 643 1552 μετοὶ
677 1508 747 1551 τῆς
779 1507 854 1544 τῶν
887 1504 1176 1545 ῸΠΛΙΤικῶν
1209 1503 1387 1553 μελέτης
1419 1502 1714 1553 ἀποβέβληκεν

138 1575 159 1624 ἡ
194 1574 332 1625 πόλις,
367 1574 483 1615 αλλοὶ
516 1575 587 1622 την
619 1573 693 1624 μὲν
721 1572 897 1615 ἔπαυσεν
931 1574 947 1615 ὁ
975 1573 1116 1629 νόμος,
1145 1574 1216 1622 την
1244 1574 1276 1616 δ’
1307 1574 1494 1626 ἐτήρησεν
1522 1575 1543 1623 ἦ
1571 1575 1712 1626 φύσις.

135 1644 293 1688 Verum
335 1649 397 1687 est
439 1650 511 1694 τῆς
553 1649 630 1687 τῶν
672 1649 970 1688 ΠΟΛΕΜικῶν
1012 1645 1204 1696 μελέτης.
1268 1645 1359 1688 Usu
1401 1659 1615 1688 armorum
1665 1660 1715 1688 ex

133 1715 229 1774 lege
270 1716 620 1759 Antiochensibus
657 1719 745 1758 erat
776 1716 1073 1767 interdictum,
1107 1717 1179 1759 sed
1215 1718 1388 1759 insitam
1418 1720 1570 1759 natura
1601 1717 1718 1760 forti-

133 1787 328 1830 tudinem
362 1789 413 1843 (εἰ
445 1787 546 1843 quid
577 1787 754 1830 Libanio
788 1787 1015 1843 credimus)
1046 1789 1321 1831 retinuerant.

196 1947 398 1992 Libanius
428 1947 462 1992 Ι.
494 1947 594 1991 330.
627 1947 666 1991 8.
700 1950 749 1996 ὡς
782 1949 865 2003 γαρ
902 1949 1032 2001 ἐπέβη
1067 1953 1136 1993 τοῦ
1169 1949 1275 2003 ὅρους
1310 1951 1492 1994 ἒΛΤΕτο
1528 1952 1549 2001 ἧ
1585 1950 1714 2002 νόσος,

134 2033 217 2062 non
260 2019 423 2068 ἐλύετο,
468 2021 540 2062 sed
577 2022 775 2063 continuo
808 2021 998 2077 ἐλέλυτο,
1032 2027 1075 2064 ut
1096 2023 1272 2077 primum
1303 2027 1465 2064 montem
1497 2023 1719 2065 conscendit

134 2089 267 2132 statim
299 2092 425 2132 morbo
458 2094 546 2134 erat
571 2090 797 2143 liberatus,
826 2107 908 2135 non
937 2094 1194 2135 liberabatur.
1241 2093 1353 2136 Nota
1381 2096 1422 2135 et
1448 2094 1717 2150 perfrequens

137 2160 322 2204 confusio
373 2162 474 2204 haec
527 2165 589 2204 est
640 2167 690 2204 ut
739 2177 813 2219 pro
854 2165 1084 2207 necessario
1125 2164 1533 2220 plusquamperfecto
1566 2166 1719 2210 vitiose

137 2232 433 2288 imperfectum
468 2234 524 2275 sit
554 2234 773 2289 scriptum.

199 2403 304 2461 Pag.
351 2402 449 2445 339.
496 2402 564 2445 16.
609 2403 700 2456 ῥέων
743 2403 824 2456 γὰρ
867 2405 921 2451 εἷς
966 2402 1111 2448 ἄνωθεν
1153 2405 1220 2448 καὶ
1264 2406 1460 2459 προελθὼν
1491 2407 1541 2453 ὡς
1575 2406 1640 2448 ἐπὶ
1675 2406 1720 2449 τὸ

142 2481 308 2519 πλεῖςον
341 2476 472 2525 τεμὼν
505 2474 645 2516 ἑαυτὸν
678 2474 923 2526 περιβάλλει
951 2475 995 2517 τὸ
1022 2477 1178 2529 χωρίον.
1229 2477 1341 2531 Quid
1372 2481 1434 2520 est
1463 2478 1517 2526 εἷς
1548 2473 1724 2520 dusaren?

141 2545 334 2602 Repone:
370 2543 426 2594 εἷς
459 2544 627 2597 ἄνωθεν,
662 2546 736 2588 ubi
768 2542 824 2594 εἷς
859 2550 921 2589 est
954 2562 1030 2590 uno
1065 2551 1186 2591 alveo.

201 2697 306 2755 Pag.
342 2696 439 2739 343.
480 2696 547 2739 18.
582 2696 721 2739 πολλοὶ
754 2697 828 2748 μὲν
861 2698 1142 2746 ἐκλελοιπότες
1175 2697 1224 2742 ὧν
1258 2701 1274 2742 ὂ
1303 2700 1448 2754 φιλίας
1475 2699 1591 2751 νόμος
1626 2699 1726 2754 (rec-

139 2769 303 2810 tissime
342 2767 498 2810 Reiske
538 2782 611 2824 pro
654 2768 858 2820 ὠφελείας
903 2769 1036 2824 νόμος)
1082 2769 1227 2825 ἔταξε,
1270 2771 1530 2825 μεμφόμενοι
1571 2771 1604 2812 δ’
1652 2770 1725 2813 ἔνθ’

141 2839 292 2881 ἑαυτῶν
335 2838 597 2882 κεκώλυνται.
662 2837 837 2896 Corrigo
877 2842 1034 2896 partim
1077 2856 1174 2883 cum
1214 2841 1413 2885 Reiskio:
1460 2842 1724 2897 μεμφόμενοι

143 2909 175 2954 δ’
206 2910 312 2952 Ἀνθ’
344 2910 496 2954 ἑαυτῶν
528 2915 607 2954 ΤΑ
642 2911 743 2953 ‘ch’
769 2908 884 2953 *QN
918 2912 1181 2954 κεκώλυνται.
