1946 3298
885 194 937 236 61

128 319 318 370 κίβδηλον
338 345 391 350 -
408 318 570 370 ἀνάγκη
601 320 699 362 αὐτὸ
728 319 1072 370 ἀπολαμβάνειν,
1101 334 1283 376 namque
1306 321 1507 362 redhibere
1535 336 1700 365 necesse

128 393 191 431 est
230 390 267 431 si
307 391 400 445 quis
428 404 518 432 rem
548 391 746 432 vitiosam
778 391 1020 440 vendiderit,
1053 404 1135 432 non
1166 392 1203 432 si
1234 391 1466 433 reddiderit.
1530 392 1699 448 Optime

126 461 262 516 igitur
291 459 515 516 Emperius
547 461 803 503 ἀποδΩΤΑΙ
837 462 1036 516 reposuit.
1099 460 1244 503 Simili
1276 476 1410 504 errore
1444 462 1551 517 apud
1588 462 1700 504 Thu-

128 531 324 587 cydidem
355 530 425 573 VI.
461 530 516 573 62
535 565 544 582 ,
578 532 654 574 ubi
683 533 729 573 in
758 531 878 573 libris
910 535 972 573 est
1004 530 1071 572 καὶ
1105 530 1363 583 τάνδράποδα
1392 532 1595 574 ἀπέδοσαν
1624 547 1698 588 pro

128 600 323 652 ἀπέδοτο,
365 602 556 659 Madvig.
591 603 692 644 Adv.
732 602 832 644 Crii.
868 616 909 657 p.
945 600 1044 645 327.
1079 602 1334 651 ἀπεδόθησαν
1366 604 1559 658 coniicit,
1592 604 1703 658 quod

127 686 210 714 non
252 675 314 714 est
353 672 605 722 vaenierunt,
640 672 711 714 sed
742 673 900 714 reddita
929 677 1034 714 sunt.
1107 672 1308 715 Vendendi
1339 674 1515 715 verbum
1547 675 1592 716 in
1622 675 1695 716 At·

127 745 210 785 tica
240 742 362 784 habet
395 743 471 784 has
502 743 678 785 formas:
712 747 852 793 πωλῶ,
887 741 1170 794 ἀποδώσομαι,
1208 744 1440 794 ἀπεδόμην,
1482 742 1701 799 πέπρακα,

129 816 171 855 et
211 813 432 854 vaeneundi
463 816 704 869 πωλοῦμαι,
737 813 976 866 πέπραμαι,
1012 813 1185 866 ἐπράθην
1220 819 1261 856 et
1293 816 1570 866 πεπράσομαι.
1620 814 1702 857 Ita-

130 898 210 939 que
241 883 500 936 τάνδράποδα
533 884 707 939 ἐπράθη,
739 899 821 927 non
853 884 1043 933 ἀπεδόθη.
1105 885 1289 927 Nomina
1321 889 1417 927 sunt
1455 886 1701 938 πωλητήριον

131 954 358 1010 (sequiores
399 956 655 1010 πρατήριον),
699 958 844 1007 πράσις
888 957 1053 1011 (πράσιν
1091 957 1243 1007 αἰτεῖν,
1278 955 1441 1012 εὑρεῖν),
1476 957 1701 1009 πράσιμος,

129 1024 312 1078 άπρατος
325 1057 336 1076 ,
370 1025 582 1081 ἀπρασία,
615 1025 889 1079 δημιόπρατα.

190 1165 442 1222 Saepissime
484 1167 594 1222 apud
635 1167 816 1209 Dionem
857 1167 974 1224 legas
1015 1167 1083 1209 τὸν
1127 1167 1345 1215 Ἀπόλλω,
1392 1172 1441 1211 ut
1471 1184 1567 1227 pag.
1603 1168 1703 1211 305.

129 1238 209 1281 οὐδ’
254 1236 303 1280 ἂν
345 1238 457 1280 κατα
498 1240 569 1286 την
614 1238 764 1290 ἡμέραν
808 1238 956 1286 ἑκάςην
994 1239 1060 1280 τὸν
1093 1239 1286 1280 Ἀπόλλω
1320 1240 1506 1293 ἐνοχλῇς.
1569 1241 1705 1283 Nemo

129 1312 273 1351 tamen
310 1309 370 1350 sic
400 1308 673 1364 loquebatur,
709 1310 779 1351 sed
813 1308 1063 1351 Ἀπόλλωνα
1097 1324 1240 1352 omnes
1272 1310 1477 1353 dicebant.
1542 1311 1706 1352 Vitium

131 1381 190 1422 sic
231 1382 380 1421 natum
423 1384 508 1421 est:
550 1382 595 1421 in
635 1379 756 1421 libris
799 1380 941 1436 paullo
982 1381 1284 1422 vetustioribus
1325 1382 1451 1423 scribi
1491 1381 1595 1424 solet
1636 1384 1705 1422 τοῦ

131 1443 297 1504 ἀπόλῖἱ,
342 1454 408 1491 τῶι
453 1444 592 1492 ἀπόλῗ»
639 1454 680 1492 et
713 1451 779 1492 τὸν
813 1444 967 1492 ἀπόλῖ.
1032 1451 1081 1492 In
1113 1453 1304 1508 genitivo
1337 1460 1378 1494 et
1411 1452 1553 1494 dativo
1583 1466 1706 1494 nemo

129 1524 295 1577 peccat:
339 1522 384 1562 in
425 1521 512 1563 solo
554 1523 790 1563 accusativo
832 1525 1027 1577 peccatur
1070 1523 1168 1576 quia
1215 1522 1258 1569 νὴ
1306 1521 1372 1562 τὸν
1410 1522 1625 1573 Ἀπόλλω,
1659 1526 1708 1564 ut

129 1593 172 1641 νὴ
205 1593 272 1634 τὸν
307 1592 504 1642 Ποσειδῶ,
540 1591 650 1647 apud
683 1593 846 1634 Atticos
878 1594 1099 1648 scriptores
1131 1595 1220 1634 tam
1256 1606 1377 1647 saepe
1409 1592 1624 1649 leguntur.

188 1733 295 1790 Pag.
345 1731 444 1774 305.
494 1733 544 1774 de
592 1732 750 1788 Oedipo
797 1732 966 1773 scribit:
1018 1732 1163 1773 ἔπειτα
1211 1731 1438 1781 ἠγανάκτει
1487 1733 1555 1773 καὶ
1605 1732 1707 1783 ἐβόα

130 1803 327 1855 μεγάΛΑ
373 1801 431 1845 ὅτι
466 1808 540 1845 τῶν
573 1805 705 1845 αὐτῶν
738 1804 874 1855 πατήρ
907 1804 963 1846 ἐςι
999 1803 1066 1844 καὶ
1103 1803 1297 1856 ἀδελφός.
1364 1804 1458 1845 Non
1487 1807 1549 1845 est
1582 1802 1709 1846 Grae-

131 1889 228 1918 cum
286 1874 387 1926 ἕβόα
448 1874 645 1924 μεγάλα,
702 1875 774 1916 sed
815 1874 945 1924 μέγα.
1025 1874 1197 1916 Habant
1240 1875 1318 1916 hoc
1366 1879 1512 1930 suapte
1560 1879 1711 1917 natura

132 1950 244 1989 certa
286 1946 490 2001 quaedam
532 1947 658 1988 verba
700 1948 748 1987 ut
790 1959 872 1987 non
905 1945 1101 1987 adverbia
1133 1945 1364 1986 admittant
1397 1945 1466 1986 sed
1501 1945 1709 1987 adiectiva

130 2019 175 2059 in
213 2020 361 2059 neutro
401 2009 551 2074 genere
595 2016 678 2058 alia
721 2017 921 2069 simulari
962 2030 1162 2070 numero,
1195 2016 1397 2058 nonnulla
1419 2017 1601 2070 plurali,
1636 2016 1707 2058 sed

132 2089 274 2130 omnia
315 2087 458 2130 stabili
503 2091 786 2143 perpetuoque
832 2101 927 2128 usu.
1008 2086 1077 2129 Sic
1125 2091 1361 2129 constanter
1408 2088 1563 2129 dicitur
1609 2087 1709 2140 ὄζειν

132 2158 312 2209 ἀγαθόν,
356 2157 502 2208 κακόν,
545 2157 702 2208 γλυκύ,
745 2157 843 2208 ἡδύ,
888 2161 930 2199 et
978 2158 1166 2207 κάκιςον,
1217 2158 1505 2208 γλυκύτατον,
1551 2157 1706 2209 ἤδιςον,

132 2230 190 2272 sic
237 2233 393 2281 Φρονεῖν
440 2228 582 2279 μέγα,
630 2227 816 2280 σμικρόν,
864 2228 1053 2270 ταπεινόν
1101 2232 1142 2271 et
1189 2230 1360 2283 μέγιςον
1409 2233 1587 2280 φρονεῖν,
1649 2230 1708 2271 sic

132 2300 325 2343 δύνασθαι
352 2299 468 2350 μέγα
496 2303 538 2341 et
564 2299 760 2350 μέγιςον,
789 2301 847 2341 sic
874 2301 918 2341 in
951 2299 1107 2355 plurali
1136 2313 1311 2342 numero
1344 2301 1516 2349 ὠφελεῖν
1549 2299 1704 2350 πολλά,

132 2370 333 2421 μεγάλα,
378 2369 560 2425 μέγιςα,
603 2370 756 2422 σμικρά
804 2375 845 2412 et
892 2372 988 2411 sim.
1068 2370 1282 2426 Quidquid
1329 2369 1539 2427 significat
1585 2387 1710 2412 vocem

132 2443 264 2492 edere,
299 2443 500 2483 clamorem
532 2442 693 2492 tollere,
726 2442 895 2482 sonitum
928 2442 1024 2481 dare
1056 2441 1184 2482 habet
1216 2441 1327 2496 apud
1359 2439 1540 2483 Graecos
1570 2442 1708 2497 μέγα,

132 2513 320 2563 μέγιςον,
367 2511 557 2564 λαμπρόν
598 2515 640 2554 et
683 2513 777 2553 sim.
844 2515 969 2562 Βοάν,
1015 2512 1280 2562 κεκραγέναι,
1317 2511 1598 2567 Φθέγγεσθαι,
1632 2518 1707 2565 ψο-

133 2586 251 2636 φεῖν,
285 2583 483 2634 βομβεῖν,
519 2577 761 2634 γεγωνέναι,
796 2587 836 2624 et
863 2596 984 2625 voces
1011 2582 1263 2624 animalium
1292 2597 1418 2624 suum
1445 2583 1526 2624 sibi
1553 2583 1709 2626 habent

133 2654 412 2704 adiectivum,
454 2658 503 2696 ut
545 2655 651 2696 asini
683 2654 792 2709 apud
824 2653 1005 2696 Dionem
1037 2652 1157 2695 Tom.
1191 2653 1244 2695 II.
1279 2668 1377 2710 pag.
1413 2652 1481 2695 63.
1515 2654 1707 2704 ὀγκήσον-

132 2741 201 2766 ται
245 2723 351 2766 πάνυ
394 2725 524 2775 μέγα.
591 2724 780 2766 Turbant
820 2726 865 2765 in
895 2725 962 2766 his
996 2738 1158 2779 quoque
1192 2738 1281 2766 sero
1312 2725 1401 2765 nati
1435 2722 1633 2767 Graeculi
1666 2730 1707 2768 et

133 2796 312 2850 scribae,
344 2795 415 2837 sed
447 2809 602 2838 errores
633 2794 806 2850 pauculi
836 2795 959 2837 facile
992 2809 1038 2837 ex
1066 2798 1178 2837 certa
1208 2794 1402 2852 analogia
1424 2799 1706 2851 perpetuoque

134 2867 324 2908 omnium
355 2880 436 2908 usu
468 2867 793 2923 redarguuntur.

191 2936 352 2979 Eadem
395 2940 457 2979 est
497 2938 604 2980 ratio
647 2937 764 2980 verbi
807 2935 996 2987 βλέπεινε
1035 2934 1104 2985 ὀξὺ
1138 2934 1310 2986 βλέπειν
1339 2949 1483 2978 omnes
1515 2936 1706 2980 dicebant
