1946 3298
919 164 1003 207 167

474 290 514 335 οἵ
539 308 582 332 νυ
616 290 684 331 καὶ
720 289 965 332 Ἀπόλλωνα
998 289 1223 341 παναρκέος
1256 287 1396 336 ἠελίοιο

470 363 568 414 χωρὶ
602 362 888 411 διατμήγουσι.

170 433 243 486 qui
283 431 398 473 locus
444 432 743 474 obversabatur
785 432 942 471 incerto
985 431 1177 484 scriptori
1209 429 1319 483 apud
1359 427 1535 470 Suidam
1569 443 1607 471 v.
1643 428 1746 479 Ἀρί-

170 517 323 555 ςαρχος
359 503 603 553 Τεγεατηςτ
623 502 728 542 -οἱ
770 499 853 541 θεοὶ
897 501 1122 551 παρέχουσι
1160 505 1305 551 προῖκα
1338 499 1446 548 ἥλιόν
1478 515 1523 540 τε
1555 500 1645 550 ὂρᾶν
1678 500 1745 540 καὶ

170 575 238 613 τοῦ
282 574 366 614 θεοῦ
410 576 479 615 τοῦ
523 572 714 614 τοσούτου
759 576 830 618 τῆς
874 574 1183 622 παναρκοῦς
1225 569 1365 619 οέμισθὶ
1399 568 1747 619 μεταλαμβάνειν

168 643 344 690 ἀκτῖνος.

228 778 276 821 In
309 780 462 836 fragm.
496 779 566 822 53.

728 851 749 898 ἡ
784 850 816 891 δ’
850 850 1012 898 ἑκόησεν

471 920 655 962 τοῦνεκεν
687 921 720 961 οἱ
755 919 870 970 γένος
903 919 981 967 ἦεν.

167 990 240 1032 alii
273 989 414 1033 οὕνεκα
445 991 560 1041 γένος
590 990 695 1032 ἔσκε.
759 989 867 1032 Vera
898 990 1024 1032 lectio
1057 996 1119 1033 est

471 1062 611 1109 ἐκόησε
644 1060 831 1102 τοῦνεκεν
865 1067 1070 1102 Alreoc
1101 1060 1285 1115 (Αἰγέος)
1318 1060 1445 1102 ἔσκεν.

166 1131 364 1173 incederit
395 1131 574 1181 Hecale,
608 1133 766 1186 inquit,
800 1146 878 1172 esse
910 1147 992 1172 eum
1026 1132 1145 1183 Aeqei
1166 1131 1317 1185 filium.

226 1270 289 1312 De
321 1270 575 1313 Callimachi
605 1270 855 1327 fragmentis
889 1270 999 1325 apud
1033 1268 1210 1311 Suidam
1242 1269 1472 1311 latentibus
1502 1284 1626 1313 nemo
1655 1271 1747 1313 dili—

169 1343 340 1397 gentius
383 1345 424 1382 et
469 1341 634 1382 doctius
671 1342 760 1397 egit
792 1354 916 1395 quam
951 1339 1196 1394 Alphonsus
1227 1339 1395 1381 Hecker
1426 1342 1469 1381 in
1509 1338 1748 1383 Commenta-

171 1411 344 1452 tionz'bus
392 1409 670 1453 Callimacheis
712 1424 809 1467 pag.
845 1409 899 1452 79
919 1424 1004 1464 sqq.
1044 1424 1067 1451 a
1100 1424 1181 1464 quo
1211 1411 1255 1450 in
1286 1411 1551 1464 paucissimis
1581 1416 1747 1454 tantum

168 1481 381 1523 dissentio.
449 1481 569 1533 Quod
600 1481 757 1523 Hecale
788 1481 892 1522 dicit

527 1551 571 1593 ἔκ
607 1568 660 1601 με
695 1550 915 1592 Κολωναων
947 1566 1007 1596 τις
1042 1550 1200 1600 ὁμέςιον
1232 1550 1383 1600 ἤγαγε.

165 1626 291 1678 negat
333 1622 382 1664 de
425 1624 578 1663 marito
625 1636 712 1664 esse
756 1621 1058 1676 accipiendum.
1121 1621 1323 1670 „Hecalen
1365 1621 1466 1661 enim
1507 1637 1652 1676 semper
1686 1624 1745 1663 in—

165 1697 326 1746 nuptam
346 1693 486 1747 fuisse
519 1693 619 1733 satis
641 1697 755 1746 patet
787 1707 832 1733 esc
871 1692 982 1732 Ovid.
1016 1692 1128 1732 Rem.
1162 1694 1248 1732 Am.
1283 1690 1383 1733 ¹747.

348 1761 433 1805 Cur
464 1777 588 1805 nemo
623 1767 686 1805 est
718 1762 929 1816 Hecalen,
961 1777 1084 1804 nemo
1117 1776 1222 1817 quae
1254 1763 1408 1817 ceperit
1438 1761 1560 1804 Iron?

406 1848 557 1888 nempe
592 1834 702 1889 quod
735 1833 841 1874 alter
873 1847 1021 1889 egene,
1056 1832 1187 1874 altera
1218 1846 1374 1887 pauper
1407 1833 1536 1875 erat.''

167 1905 285 1960 quasi
316 1904 418 1946 haec
450 1907 573 1959 poeta
604 1918 678 1960 pro
711 1905 951 1945 testimonio
984 1904 1137 1945 dixerit
1169 1917 1302 1958 neque
1334 1904 1378 1944 in
1410 1903 1566 1946 talibus
1602 1904 1746 1948 ludere

165 1974 322 2017 liceret.
387 1975 535 2031 Pergit
579 1975 738 2017 dicere:
786 1975 882 2024 „sed
920 1975 1068 2015 Hecale
1101 1989 1280 2028 pauper,
1322 1988 1400 2014 non
1437 1989 1575 2027 eyena,
1609 1976 1746 2017 babuit

166 2060 313 2100 quoque
351 2060 460 2085 suam
503 2061 632 2086 aream
676 2051 712 2087 et
755 2045 900 2087 boves.''
944 2045 1194 2100 opinabatur
1236 2046 1350 2085 enim
1393 2045 1442 2086 de
1485 2050 1617 2088 semet
1654 2049 1744 2103 ipsa

168 2114 303 2156 dicere
334 2115 485 2156 bonam
515 2115 707 2157 vetulam
741 2116 850 2170 quod
882 2116 992 2171 apud
1025 2114 1200 2157 Suidam
1234 2120 1296 2157 est
1327 2130 1368 2157 v.
1403 2116 1642 2166 δεινομένην·

407 2185 606 2235 δινομένην
641 2186 716 2227 ὑπὸ
749 2187 889 2236 βουσὶν
921 2187 1018 2235 ἐμὴν
1052 2187 1287 2236 ἐφύλασσον
1323 2184 1456 2227 ἅλωα.

228 2254 481 2298 Rectissime
513 2260 654 2299 contra
686 2256 736 2298 ad
769 2255 979 2298 Theseum
1010 2256 1157 2298 retulit
1188 2256 1340 2313 fragm.
1377 2256 1476 2299 124.

588 2326 703 2378 ἀμφὶ
737 2327 778 2368 δέ
812 2325 843 2368 οἱ
877 2331 1043 2379 κεφαλῇ
1078 2327 1158 2367 νέον
1191 2326 1426 2376 Αἱμονίηθεν

407 2397 659 2447 μεμβλωκὸς
693 2397 859 2447 πίλημα
893 2397 1125 2449 περίτροχον
1158 2395 1292 2449 ἄλκαρ
1326 2396 1452 2439 ἔκειτο

405 2467 506 2514 ἴδεος
541 2467 688 2509 ἕνδιόιο.

165 2537 210 2577 in
251 2550 331 2591 quo
373 2537 522 2579 Suidas
561 2552 602 2580 v.
648 2538 876 2588 μέμβλωκε
908 2540 1048 2593 inepte
1079 2541 1379 2594 interpretatur
1412 2540 1740 2590 παραγενόμενον

168 2607 235 2648 καὶ
281 2607 389 2660 (fort.
425 2609 463 2662 ἢ)
498 2610 591 2657 μετ’
625 2609 864 2658 ἐπιμελείας
898 2609 1244 2651 κατασκευασθέν.
1309 2609 1597 2652 Callimachus
1628 2612 1741 2652 enim

167 2679 334 2728 ψυχρῶς
375 2682 424 2720 ut
466 2678 571 2720 solet
606 2678 756 2721 Thesei
787 2679 950 2734 pileum
981 2696 1104 2734 nuper
1136 2696 1182 2722 ex
1218 2680 1422 2721 Thessalia
1455 2680 1604 2721 venisse
1635 2682 1741 2723 serio

168 2752 419 2791 narraverat.
