1946 3298
990 169 1047 214 94

234 296 389 339 dicitur
429 297 661 346 πολυτίμοις
703 296 754 338 de
784 295 914 337 lautis
947 299 988 338 et
1020 296 1200 350 opiparis
1232 292 1454 336 Gallorum
1487 294 1636 350 epulis.
1700 296 1807 335 Sum-

231 372 337 410 tuose
369 370 582 410 convivari
614 366 770 410 Graece
804 367 958 408 dicitur
991 370 1282 406 πολυτΘΛΩΟ
1314 365 1575 416 εὐωχεῖσθαι,
1610 369 1658 406 ut
1695 365 1806 420 apud

231 438 410 481 Diouem
455 438 576 480 Tom.
618 437 672 478 ΙΙ.
717 451 813 493 pag.
858 435 960 478 288.
1006 436 1174 476 ἐδείπνει
1216 439 1474 484 πολυτελῶς,
1520 437 1561 477 et
1599 435 1716 477 Tom.
1751 435 1804 477 II.

232 524 330 567 pag.
394 508 493 551 384.
553 511 784 553 πολυτελῶς
845 506 1045 553 ἐσθίοντας
1094 522 1140 547 τε
1187 505 1254 546 καὶ
1307 506 1520 555 πίνοντας,
1566 510 1607 548 et
1649 508 1806 562 passim

231 581 342 637 apud
374 579 488 623 alios.

293 720 410 762 Tom.
456 719 510 761 Π.
553 732 650 774 pag.
693 716 793 760 276.
839 717 962 758 Plato
994 716 1232 758 Homerum
1264 715 1420 758 κελεύει
1452 716 1574 767 μάλα
1605 718 1804 768 εἰρωνικῶς

232 791 444 843 ςέψαντας
490 790 573 842 ἐρίῳ
621 788 689 829 καὶ
738 788 888 838 μύρΩΙ
938 786 1237 839 καταχέαντας
1284 787 1451 839 ἀφιέναι
1499 789 1592 839 πρὸς
1640 786 1804 833 ἄλλους.

233 862 438 904 Dicebant
465 861 626 912 μύρΟΝ
657 863 888 910 καταχεῖν,
917 872 999 900 non
1026 858 1148 910 μύρῳ.
1196 858 1319 900 Plato
1345 860 1392 899 de
1416 859 1515 913 Rep.
1542 873 1627 915 pag
1664 857 1749 899 398
1764 870 1806 899 A.

238 931 557 982 ἀποπέμποιμεν
590 929 636 970 ἂν
670 931 725 975 εἰς
758 928 891 976 ἄλλην
925 930 1042 971 πόλιν
1073 929 1193 981 μύρον
1227 930 1337 970 κατα
1365 935 1437 976 τῆς
1464 933 1651 979 κεφαλῆς
1679 944 1808 969 κατα-

235 1002 412 1055 χέαντες
446 1002 514 1043 καὶ
548 1001 630 1052 ἐρίῳ
665 1000 882 1049 ςέψαντες.
947 1000 1037 1042 Hos
1070 1000 1205 1042 veluti
1236 1001 1411 1042 honores
1443 1000 1627 1042 Homero
1665 1000 1811 1041 haberi

235 1074 417 1116 declarat
447 1073 593 1115 Dionis
625 1072 840 1123 εἰρωνικῶς.
905 1070 968 1113 Of.
1002 1071 1192 1112 Plinium
1225 1071 1352 1125 Epist.
1387 1070 1463 1113 IX.
1501 1070 1569 1114 33.
1603 1072 1638 1125 ξ.
1677 1069 1716 1111 9.

294 1212 514 1256 Claudieat
546 1213 751 1253 sententia
783 1210 986 1253 vocabulo
1017 1212 1170 1252 amisso
1203 1210 1322 1252 Tom.
1357 1210 1408 1251 Π.
1441 1224 1538 1267 pag.
1568 1209 1669 1251 292.
1703 1210 1810 1252 οὐδὲν

233 1285 356 1331 ὤνησε
400 1283 483 1337 (τὸν
525 1282 783 1333 Παυσανίαν)
824 1282 915 1323 οὔτε
958 1278 1016 1322 ὅτι
1059 1281 1197 1331 γένους
1232 1277 1274 1327 ἦν
1306 1285 1382 1321 τῶν
1417 1281 1684 1331 Ἡρακλειδῶν
1715 1280 1809 1322 οὔτε

234 1352 292 1396 ὅτι
337 1355 473 1396 παῖδα
520 1353 775 1404 ἐπετρόπευε.
840 1350 925 1394 Cur
958 1352 1148 1407 prodesse
1180 1351 1355 1393 debebat
1383 1353 1492 1405 quod
1528 1356 1643 1393 tutor
1675 1350 1808 1393 esset?

233 1425 546 1482 Supplendum:
591 1422 651 1465 ἔτι
697 1423 834 1465 παῖδα
869 1422 1110 1477 (βασιλέως)
1145 1421 1399 1473 ἐπετρόπευε.
1462 1421 1642 1463 Nullum
1677 1422 1809 1464 alium

232 1499 477 1552 scriptorem
522 1494 601 1536 Dio
643 1494 891 1551 diligentius
933 1493 1161 1535 lectitavit
1186 1507 1312 1548 quam
1353 1492 1640 1542 Herodotum,
1690 1494 1809 1534 euius

231 1569 386 1623 ubique
430 1566 540 1621 apud
582 1579 680 1607 eum
724 1568 822 1606 sunt
863 1566 1056 1621 vestigia.
1119 1563 1212 1606 Hoc
1255 1577 1418 1618 quoque
1456 1565 1608 1604 sumsit
1641 1563 1691 1604 ab
1723 1563 1810 1604 He-

232 1640 376 1682 rodoto
408 1637 488 1679 IX.
526 1635 596 1678 10.

291 1778 412 1820 Tom.
454 1775 508 1818 II.
556 1790 653 1832 pag.
697 1773 798 1816 298.
842 1775 931 1827 ὁρῶν
976 1775 1122 1820 αὐτοὺς
1177 1773 1488 1826 διεφθαρμένους
1525 1799 1578 1804 -—
1613 1773 1809 1825 ἐβούλετο

230 1852 476 1891 ταπεινῶσαι
523 1847 589 1887 καὶ
633 1850 701 1887 τοῦ
744 1846 1024 1898 φρονήματος,
1071 1848 1102 1888 εἶ
1147 1846 1333 1895 δύναιτο,
1380 1846 1578 1886 καθελεῖν.
1641 1845 1809 1888 Dicitur

230 1921 273 1962 τὸ
318 1917 505 1972 φρόνημα
549 1918 757 1966 καθελεῖν,
804 1917 875 1958 sed
916 1921 986 1958 τοῦ
1029 1917 1286 1968 φρονήματος
1319 1917 1506 1967 ἀφελεῖν.
1571 1916 1742 1970 Spiritus
1774 1921 1811 1957 et

220 1991 422 2047 ferociam
455 1989 578 2029 animi
598 1989 797 2042 franqere
824 1988 977 2029 dicitur
1005 1992 1053 2029 ut
1081 1987 1199 2030 Tom.
1229 1987 1284 2029 H.
1312 2001 1408 2044 pag.
1440 1987 1539 2029 391.
1572 1987 1806 2035 Μιλτιάδης

233 2061 277 2102 τὸ
322 2061 478 2112 Περσῶν
517 2058 708 2111 φρόνημα
751 2059 954 2106 καθελών,
1000 2059 1070 2100 sed
1111 2059 1285 2111 ἀφελεῖν
1325 2058 1427 2104 τινός
1473 2061 1534 2099 est
1556 2063 1712 2112 partem
1743 2060 1807 2100 de-

232 2147 353 2180 mere,
387 2132 581 2181 minuere,
617 2135 846 2184 temperare,
879 2133 928 2171 ut
959 2129 1003 2172 h.
1023 2129 1049 2170 1.
1089 2129 1156 2171 καὶ
1192 2132 1262 2171 τοῦ
1294 2131 1552 2182 φρονήματος
1595 2132 1804 2171 ἈΦελεῖν.

291 2272 441 2314 Nescio
483 2272 602 2312 ouius
644 2269 808 2310 Comici
852 2270 1048 2324 antiquae
1091 2267 1340 2311 Comoediae
1372 2269 1599 2311 versiculos
1630 2269 1806 2311 laudans

230 2343 311 2385 Dio
345 2342 464 2383 Tom.
498 2340 551 2382 Π.
585 2354 678 2396 pag.
717 2338 803 2380 334
834 2353 916 2381 non
950 2341 1138 2394 scripsit:

471 2412 668 2453 δέσποινΑ
703 2411 753 2450 Δ’
787 2411 956 2452 ἀπασῶν
991 2410 1117 2452 πότνι’
1151 2412 1370 2459 Ἀθηναίων
1402 2411 1520 2460 πόλι,

231 2484 303 2526 sed
336 2482 506 2524 δέσποιν’
541 2483 710 2523 ἀπασῶν
744 2481 829 2521 κτὲ.
892 2481 993 2522 Post
1024 2495 1157 2536 pauca
1189 2482 1345 2523 editur:

531 2551 637 2599 ἄλση
672 2552 710 2592 δὲ
745 2551 806 2597 τίς
840 2567 900 2592 πω
934 2551 1060 2593 τοιοίδ’
1093 2549 1175 2605 εἶχ’
1208 2551 1318 2600 ἀλλη
1351 2552 1456 2602 esan,-

231 2622 320 2675 εἶχε
363 2624 435 2673 μὲν
478 2622 523 2669 δὴ
566 2622 758 2672 δῃωθεῖσα
804 2621 845 2662 δὲ
889 2624 938 2667 ὡς
978 2622 1043 2663 ἐπὶ
1077 2627 1268 2677 συμφορᾷ
1303 2623 1574 2675 ἀπεκείρατο,
1610 2625 1652 2664 in
1685 2623 1804 2664 libris

230 2698 292 2736 est
325 2691 415 2746 εἶχε
448 2693 521 2742 μὲν
555 2692 599 2740 δὴ
631 2692 802 2733 σωθεῖσα
836 2691 876 2732 δέ
909 2693 994 2733 κτέ.
1060 2693 1214 2735 Fuerat
1245 2692 1372 2734 olim:
1409 2699 1802 2735 ΜΕΝΔΗΙΩΘΕΙ-

232 2770 377 2807 ΕΑΔΕ
422 2764 465 2805 id
507 2767 569 2805 est
615 2760 705 2813 εἶχε
746 2762 820 2812 μὲν
862 2763 1053 2814 δῃωθεῖσα
1097 2763 1137 2804 δέ
1182 2765 1269 2805 sine
1308 2764 1369 2811 δή.
1434 2763 1699 2805 Valckenarii
1742 2768 1804 2805 est

230 2839 341 2877 certa
385 2834 624 2876 emendatio
669 2833 880 2885 δῃωθεῖσα,
924 2834 994 2875 sed
1035 2834 1145 2888 quod
1191 2834 1305 2875 idem
1352 2847 1425 2888 pro
1467 2835 1569 2883 γυνή
1617 2836 1803 2888 reposuit

228 2907 308 2958 γύη
352 2905 499 2947 infelix
543 2904 771 2946 admodum
814 2905 1048 2946 coniectura
1093 2908 1177 2945 est:
1211 2917 1262 2944 ne
1295 2902 1504 2946 Graecum
1537 2904 1708 2959 quidem
1740 2907 1803 2946 est
