1946 3298
914 138 997 183 117

172 266 389 312 lasciviam.
437 267 500 311 De
532 264 804 310 Constantino
838 264 940 307 haec
972 263 1055 307 dici
1078 263 1296 307 confirmat
1322 264 1439 307 locus
1454 278 1552 323 pag.
1574 264 1674 308 664.
1693 263 1737 309 9.

172 338 361 381 λείπεται
405 338 586 384 κάκεῖνος
629 338 704 378 τῶν
747 340 822 378 σῶν
864 336 910 384 δὴ
954 338 1071 377 τοῦτο
1113 336 1130 377 ὅ
1169 342 1218 389 τῇ
1265 336 1395 388 Ῥώμῃ
1427 337 1501 385 μὲν
1534 336 1738 388 ὁμώνυμον

174 410 334 462 ε’γείρας
380 408 803 457 πόλιν-εὐδοκιμῶν
850 407 889 448 δὲ
936 407 991 459 τῷ
1039 406 1107 448 τὸν
1149 407 1354 456 Ῥωμαίων
1398 406 1521 454 δῆμον
1564 407 1741 456 ἐνεγκεῖν

173 477 510 531 ἀγροικισάμενόν
553 495 606 520 τι.
672 478 818 533 Itaque
862 491 935 533 pro
978 477 1044 518 τὸν
1078 476 1290 519 Ἰουλιανόν
1325 477 1441 519 aliud
1472 479 1610 519 nescio
1643 469 1744 526 qUid

173 551 372 593 Libanius
404 551 624 606 scripserat
655 547 978 592 Constantinum
1012 547 1274 605 significans,
1308 562 1408 590 nam
1440 549 1635 589 continuo
1668 546 1741 588 ad-

175 620 260 662 dit:
304 623 370 664 τὸν
413 620 625 662 ἀντιθέντα
669 626 717 672 τῇ
763 619 968 670 Ῥωμαίων
1009 618 1138 672 βουλῇ
1181 621 1252 667 τὴν
1288 619 1380 661 νέαν
1410 618 1621 666 (ὈΜΩΟ,
1658 619 1746 658 sine

175 705 322 746 sensu,
364 691 436 733 sed
474 691 577 733 duce
620 691 826 733 sententia
867 691 1128 744 restituitur,
1171 690 1237 731 τὸν
1281 688 1492 731 ἀντιθέντα
1532 696 1581 743 τῇ
1615 688 1747 739 Ῥώμῃ

175 761 291 804 πόλιν
331 761 424 804 νέαν
465 763 774 812 ὈΜΩΝυμον.
836 760 1064 804 Vei-samur
1105 761 1275 802 omnino
1317 761 1361 802 in
1397 759 1488 802 loco
1519 758 1745 816 paludoso,

174 833 251 875 ubi
282 833 333 875 ob
365 835 525 876 veteres
552 832 723 875 lacunas
754 846 971 889 perperam
1004 831 1189 888 expletas
1222 834 1383 874 certum
1417 831 1649 887 vestigium
1675 841 1748 885 po-

175 918 272 946 nere
302 917 494 959 nequeas.

236 974 515 1017 Memorabile
556 974 600 1016 id
643 988 806 1030 quoque
848 977 910 1016 est
947 974 1058 1030 quod
1089 973 1250 1032 legitur
1281 988 1374 1032 pag.
1413 972 1510 1015 634.
1549 972 1618 1014 11.
1651 971 1750 1014 ἀλλ’

178 1043 283 1097 ὅμως
328 1046 389 1088 σοί
430 1062 481 1097 γε
514 1046 583 1087 οὐκ
617 1045 699 1092 ἴσος
734 1046 876 1092 ἐκεῖνος
910 1046 964 1092 εἷς
997 1046 1304 1096 Φιλανθρωπίας
1338 1044 1473 1096 λόγον.
1537 1042 1607 1085 Sic
1639 1043 1752 1084 enim

178 1131 274 1159 eum
314 1116 486 1158 Reiskio
527 1116 755 1174 legendum
788 1116 939 1159 collato
971 1115 1175 1173 Wyttenb
1224 1117 1276 1158 ad
1306 1116 1520 1158 Iulianum
1553 1114 1584 1156 I.
1623 1113 1693 1155 14.
1714 1123 1749 1155 c.

177 1202 274 1245 pag.
311 1188 408 1231 170.
445 1187 605 1230 Schaef.

237 1258 389 1301 Narrat
432 1258 579 1300 deinde
623 1255 947 1300 Constantinum
986 1258 1310 1301 infestissimum
1353 1259 1480 1301 fuisse
1522 1257 1754 1312 imperium

179 1329 468 1372 affectantibus
509 1329 576 1371 καὶ
621 1326 699 1371 ὅσοι
743 1329 939 1380 μάντεσιν
983 1329 1077 1382 ὑπὲρ
1121 1333 1190 1372 τοῦ
1233 1335 1305 1372 ποῖ
1340 1332 1514 1382 χωρήσει
1564 1327 1754 1370 τάκείνων

180 1400 407 1451 διελέγοντο
451 1400 519 1443 καὶ
562 1400 732 1451 οὐδεμία
776 1400 899 1453 τέχνη
944 1399 1010 1442 τόν
1054 1417 1106 1450 γε
1148 1404 1320 1443 τοιοῦτον
1364 1398 1537 1452 ἐξείλετ’
1586 1398 1636 1441 ἂν
1683 1399 1754 1438 τοῦ

179 1470 314 1525 πυρός.
377 1471 447 1515 Sic
480 1473 721 1528 superstitio
753 1474 976 1515 saevitiam
1008 1473 1121 1527 parit
1153 1475 1192 1514 et
1227 1473 1354 1514 struit
1383 1485 1522 1528 rogos..

239 1611 440 1654 Libanius
480 1610 514 1654 Ι.
559 1611 658 1655 642.
707 1612 776 1655 22.
812 1611 975 1661 πάντας
1020 1609 1086 1655 οὖν
1128 1613 1391 1663 ἀποθνήσκειν
1434 1620 1549 1656 ΠΟΥ
1585 1613 1756 1665 δίκαιον;

182 1681 284 1736 Quis
325 1685 384 1726 sic
426 1683 640 1739 loquitur?
702 1684 806 1741 Leg.
850 1691 971 1727 ΠΩΟ
1011 1684 1177 1736 almon,-
1214 1689 1255 1727 et
1286 1688 1380 1740 post
1410 1697 1566 1741 pauca:
1601 1686 1692 1731 τοὺς
1724 1686 1757 1727 εἰ

180 1755 238 1805 μή
281 1770 342 1800 τις
386 1755 534 1801 αὐτοὺς
580 1756 797 1809 ἀποκτείνῃ
837 1761 920 1803 τοῖς
962 1756 1060 1802 θεοῖς
1104 1755 1261 1803 εἰδότας
1305 1756 1451 1808 χάριν,
1492 1770 1565 1812 pro
1599 1755 1758 1799 soloeoo

181 1825 400 1877 ἀποκτείνῃ
431 1827 608 1869 rescribe
640 1828 937 1876 ἀποκτΕΝΕΞΙ,
973 1828 1201 1869 ἀποκτενεῖ.

242 1895 451 1939 Similiter
492 1911 588 1954 pag.
635 1897 732 1939 644.
771 1898 837 1940 11.
871 1912 944 1953 pro
978 1895 1041 1945 οὓς
1076 1896 1112 1940 εί
1141 1914 1201 1945 τις
1236 1897 1530 1952 ἀποκτείνῃ
1562 1924 1615 1930 —-
1645 1907 1760 1940 πολι-

181 1966 295 2014 τείας
328 1967 417 2009 ἀντ’
450 1967 701 2018 ἀδικήματος
736 1969 912 2022 εἰληφὼς
946 1967 1035 2013 ἕςαι
1069 1968 1277 2022 τιμωρίαν.
1311 1972 1423 2012 certa
1454 1969 1654 2025 loquendi
1690 1969 1760 2011 lex

181 2039 452 2081 ἀποκτΘΝΕΙ
486 2040 677 2094 requirit.

241 2178 445 2221 Libanius
486 2178 518 2221 I.
562 2179 665 2223 647.
706 2179 772 2223 12.
809 2179 974 2231 μάλιςα
1007 2181 1081 2232 μὲν
1115 2180 1197 2233 γὰρ
1230 2180 1437 2232 μηδεμίαν
1468 2179 1621 2239 (πόλιν)
1654 2196 1762 2234 περι-

183 2250 323 2294 οπτέον
356 2250 441 2292 οὐδὲ
473 2252 544 2299 τὴν
583 2252 856 2304 σμικροτάτην
890 2253 975 2294 οὐδὲ
1008 2253 1080 2300 τὴν
1113 2253 1150 2293 ἐν
1185 2252 1367 2306 σκοπέλῳ
1402 2253 1598 2304 κειμένην.
1651 2253 1761 2295 Pho-

184 2320 343 2378 cylides
376 2321 486 2376 apud
516 2321 696 2364 Dionem
729 2322 946 2379 Chrysost.
980 2322 1101 2365 Tom.
1134 2322 1187 2364 Π.
1221 2337 1318 2380 pag.
1353 2322 1423 2367 79.

335 2391 404 2434 καὶ
437 2392 527 2435 τόδε
562 2394 823 2436 Φωκυλίδεω·
857 2393 976 2441 πόλις
1010 2394 1049 2434 ἐν
1082 2393 1267 2446 σκοπέλῳ
1301 2394 1414 2436 κατὰ
1447 2393 1595 2446 κόσμον

336 2463 500 2505 οἰκεῦσα
534 2466 681 2517 σμικρὴ
716 2463 888 2518 κρέσσων
921 2465 1044 2507 Νίνου
1076 2464 1367 2519 ἀφραινούσης.

244 2603 349 2661 Pag.
391 2602 492 2646 655.
539 2603 581 2647 8.
626 2605 669 2647 αἱ
711 2604 752 2647 δὲ
795 2605 958 2653 ἐλπίδες
1001 2608 1045 2649 αἱ
1088 2606 1163 2657 μὲν
1206 2605 1311 2657 ἥξειν
1344 2606 1468 2661 λόχον
1503 2607 1568 2649 ἐπὶ
1602 2610 1655 2660 τῷ
1689 2611 1765 2650 τῶν

186 2675 530 2728 παραπιπτόντων
572 2674 704 2732 φόνῳ,
749 2678 770 2724 ἦ
811 2677 851 2718 δὲ
894 2679 935 2719 οὐ
977 2683 1128 2720 κτενεῖν
1167 2678 1241 2728 μὲν
1284 2677 1331 2720 δι’
1379 2678 1573 2730 ἁρπαγῆς
1621 2679 1661 2720 δὲ
1707 2679 1763 2721 τοὶ

187 2745 350 2788 πάντων
385 2745 536 2796 Ἕὲειν.
601 2745 711 2790 Cum
756 2746 929 2791 Reiskio
963 2748 1229 2791 scribendum
1264 2750 1312 2789 ‘H
1346 2748 1434 2799 μέν.
1496 2749 1617 2791 Duae
1649 2752 1767 2792 erant

188 2818 401 2872 opiniones
439 2818 791 2860 Antiochensium
833 2822 928 2875 post
964 2819 1237 2870 seditionem,
1272 2822 1345 2862 aut
1375 2820 1568 2862 immissa
1601 2820 1768 2863 cohorte

189 2888 364 2931 obvium
405 2902 613 2945 quemque
656 2891 815 2946 passim
857 2891 1196 2934 contrucidatum
1236 2892 1313 2942 iri,
1357 2894 1431 2933 aut
1472 2891 1641 2934 caedem
1687 2904 1769 2933 non
