1946 3298
954 152 1040 196 326

208 280 430 337 thagoram
470 278 634 320 dixisse.
699 277 976 333 Lepidissime
1006 279 1119 319 enim
1151 279 1211 319 ita
1243 277 1428 318 disserit:
1463 276 1553 323 τοὺς
1588 277 1661 327 μὲν
1689 276 1783 318 902⁷-

208 367 274 394 τον
307 350 526 402 τρέχοντας
561 352 635 390 τῶν
669 346 806 390 ἄλλων
841 349 884 389 ἐκ
916 351 1015 398 μιοῖς
1049 348 1204 395 πόλεως
1238 353 1310 396 τῆς
1345 347 1497 389 ἐκείνων
1530 348 1639 389 ἑπτα
1672 347 1786 389 κατὰ

208 423 281 471 την
330 420 573 470 Ὀλυμπίαν
619 420 844 471 εὑρεθῆναι,
892 419 983 466 τοὺς
1032 419 1072 461 δὲ
1119 426 1169 473 τῇ
1214 425 1402 460 (ΞΟΦΙΑΙ
1451 419 1699 471 προέχοντας
1742 416 1787 467 ἐξ

210 491 377 540 ἁπάσης
411 497 482 539 τῆς
517 490 742 540 οἰκουμένης
777 490 886 532 ἑπτα
920 492 1271 542 συναριθμηθῆναι.
1307 494 1348 532 et
1377 504 1486 531 nunc
1530 490 1702 531 demum
1745 503 1787 530 se

207 565 349 619 ipsum
382 564 686 604 commemorat
718 560 944 614 φιλόσοφον
976 563 1059 603 ita:
1095 563 1132 603 ἓν
1167 561 1206 602 δὲ
1234 566 1315 607 τοῖς
1349 559 1441 609 ἑξῆς
1470 560 1623 613 χρόνοις
1644 559 1786 602 -ἕνα

210 633 479 687 ΦΙΛΟσοφία
522 632 710 684 προέχειν
750 637 825 674 τῶν
865 631 1041 674 παντων.
1083 647 1202 673 unum
1245 646 1324 673 esse
1365 646 1411 672 ex
1453 632 1627 673 omnibus
1656 631 1789 686 philo-

205 706 377 759 sophum.

269 775 534 831 Pythagoras
573 775 686 815 enim
728 777 889 816 veteres
931 787 1263 816 commemorans
1306 773 1454 826 σοφούς
1496 773 1703 829 appellat,
1741 776 1790 814 ut

210 860 354 888 omnes
384 845 474 892 τοὺς
509 845 617 885 ἑπτα
653 845 801 897 σοφούς
836 845 1046 886 habebant
1077 846 1120 885 in
1154 858 1245 895 ore,
1276 845 1326 887 de
1352 859 1427 886 sua
1454 847 1589 886 aetate
1616 844 1790 899 loquens

211 917 335 970 σοφὸν
380 914 480 958 εἶναι
530 915 633 957 dicit
679 917 916 970 neminem,
966 916 1037 957 sed
1084 930 1218 957 unum
1261 929 1348 957 esse
1391 930 1440 957 ex
1480 915 1676 957 omnibus
1722 919 1791 968 φι-

211 988 397 1042 λόσοφον.

267 1129 532 1185 Pythagoras
575 1129 618 1168 in
659 1127 682 1182 ξ
726 1126 795 1167 44.
838 1128 979 1168 1101101
1013 1125 1344 1169 adolescentibus
1377 1125 1717 1170 Crotoniatarum
1747 1128 1793 1169 in

209 1199 416 1256 palaestra
458 1199 550 1244 τοὺς
592 1200 735 1239 θᾶττον
779 1197 999 1249 τρέχοντας
1042 1201 1116 1238 τῶν
1150 1195 1287 1239 ἄλλων
1321 1199 1363 1239 ἐκ
1395 1201 1495 1248 μιοῖς
1529 1197 1683 1245 πόλεως
1718 1204 1791 1246 τῆς

213 1271 366 1312 ἐκείνων
411 1269 519 1310 ἑπτα
564 1268 675 1309 κατα
721 1269 792 1315 την
825 1267 1069 1315 Ὀλυμπίαν
1102 1268 1316 1320 εὑρεθῆναι.
1380 1268 1581 1311 Eiusdem
1615 1270 1676 1310 101
1706 1283 1792 1311 me-

209 1343 344 1383 moria
386 1343 550 1382 servata
593 1342 655 1381 est
688 1338 799 1394 apud
831 1337 1105 1389 Strabonem,
1141 1340 1259 1381 cuius
1291 1339 1433 1381 locum
1465 1340 1671 1383 indicavit
1706 1339 1793 1381 He-

210 1411 375 1461 raldus,
421 1425 518 1467 pag.
561 1409 661 1452 262.
706 1407 884 1452 Casaub.
917 1409 1025 1450 δοκεῖ
1054 1410 1087 1451 δ’
1121 1412 1141 1459 η
1177 1410 1295 1457 πόλις
1330 1408 1519 1464 (Croton)
1554 1410 1608 1452 τα
1642 1427 1687 1452 τε
1722 1426 1792 1452 πο-

210 1482 335 1533 λέμια
369 1483 550 1530 ἀσκῆσαι
584 1480 652 1522 καὶ
685 1481 741 1522 τα
776 1480 861 1532 περὶ
899 1481 969 1527 την
1002 1479 1189 1528 ἄθλησιν·
1225 1481 1263 1521 ἐν
1296 1485 1373 1535 μιᾷ
1407 1485 1504 1531 γοῦν
1533 1481 1791 1532 Ὀλυμπιάδι

209 1555 241 1596 οἱ
277 1557 353 1596 τῶν
386 1552 524 1595 ἄλλων
559 1552 873 1604 προτερησαντες
906 1553 960 1603 τῷ
995 1552 1118 1604 wala
1153 1552 1261 1593 ἑπτα
1289 1551 1426 1602 ἄνδρες
1458 1550 1641 1599 ἅπαντες
1673 1553 1794 1605 ὑπῆρ-

209 1625 284 1675 ξαν
319 1626 604 1676 Κροτωνιᾶται.
668 1623 813 1665 Potest
846 1638 896 1664 ex
929 1637 975 1664 ea
1007 1637 1050 1664 re
1084 1622 1320 1665 confirmari
1350 1624 1394 1665 id
1425 1624 1535 1679 quod
1563 1626 1793 1666 memoriae

208 1696 425 1752 proditum
458 1698 520 1738 est
551 1695 601 1736 de
633 1697 819 1749 tempore
852 1707 932 1749 quo
964 1693 1230 1751 Pythagoras
1257 1696 1301 1736 in
1327 1693 1495 1736 Italiam
1523 1697 1695 1737 venerit.
1745 1694 1794 1737 In

209 1767 328 1809 fastis
370 1771 446 1808 τῶν
491 1767 814 1816 Ὀλυμπιονικῶν
860 1765 910 1807 011
955 1764 1253 1821 Olympiadem
1301 1765 1406 1807 LIV.
1449 1766 1502 1823 (a.
1540 1764 1635 1808 Chr.
1674 1765 1791 1824 564.)

208 1837 389 1894 legitur:

574 1906 841 1959 Ἱππόςρατος
876 1907 1151 1959 Κροτωνιάτης
1185 1906 1332 1952 commu.

211 1981 262 2024 ad
295 1979 468 2036 Olymp.
504 1978 589 2020 LV.
626 1979 679 2034 (a.
714 1976 812 2020 Chr.
848 1977 994 2032 560.):

571 2049 847 2102 Ἵππόςρατος
879 2050 896 2090 ὁ
931 2049 1054 2095 αὐτὸς
1087 2050 1132 2092 τὸ
1167 2048 1360 2102 δεύτερον.

210 2122 262 2165 ad
295 2120 467 2177 Olymp.
499 2119 652 2163 LVIII.
692 2121 744 2176 (a.
780 2119 878 2162 Ohr.
914 2119 1059 2173 5480:

572 2190 793 2242 Διόγνητος
827 2190 1100 2242 Κροτωνιάτης
1136 2190 1286 2235 ςοέδιον.

211 2267 251 2306 01
284 2266 376 2319 post
409 2276 536 2305 annos
567 2261 846 2318 quadraginta
877 2262 929 2303 ad
962 2261 1130 2318 Olymp.
1164 2261 1358 2304 LXVIII.
1394 2264 1445 2316 (a.
1484 2260 1580 2305 Ohr.
1621 2261 1763 2319 508).

581 2332 837 2386 Ἰσχόμαχος
871 2333 1144 2384 Κροτωνιάτης
1179 2333 1330 2376 ςαδιον.

276 2405 483 2457 Quoniam
515 2405 656 2446 omnia
686 2404 861 2445 suadent
894 2407 941 2445 ut
973 2405 1220 2445 Aristoxeno
1254 2403 1472 2445 credamus
1503 2403 1796 2461 Pythagoram

217 2478 325 2519 circa
372 2475 669 2531 Olympiadem
717 2474 854 2517 LXII.
905 2480 958 2528 (a.
1004 2473 1101 2517 Chr.
1148 2474 1264 2530 532.)
1306 2475 1350 2515 in
1391 2473 1565 2515 Italiam
1609 2476 1794 2523 venisse,

218 2561 383 2590 necesse
425 2550 487 2588 est
527 2545 633 2587 hanc
676 2545 847 2587 laudem
889 2544 1115 2602 Olympiae
1156 2549 1386 2600 reportasse
1425 2543 1688 2587 Crotoniatas
1725 2548 1798 2587 aut

219 2632 325 2661 011110
367 2616 452 2659 564
501 2620 573 2657 0111
618 2614 703 2657 560
747 2619 820 2658 aut
865 2615 964 2657 548.
1002 2617 1121 2657 annis
1153 2617 1318 2658 circiter
1351 2614 1407 2657 34
1439 2623 1512 2657 aut
1546 2614 1601 2656 30
1634 2619 1707 2657 aut
1742 2615 1797 2657 18

220 2693 315 2730 ante
357 2687 624 2744 Pythagorae
666 2686 916 2737 adventum,
954 2688 1016 2728 ita
1051 2691 1100 2728 ut
1141 2686 1258 2728 illius
1301 2688 1360 2728 rei
1397 2687 1603 2728 memoria
1634 2690 1707 2728 0111
1737 2701 1798 2729 10-

221 2774 315 2801 cens
343 2762 416 2801 aut
441 2772 521 2800 11011
550 2757 778 2799 admodum
805 2762 926 2799 vetus
958 2759 1000 2799 in
1036 2759 1370 2799 Crotoniatarum
1403 2758 1555 2798 animis
1586 2757 1799 2812 haereret,

221 2844 302 2885 quo
344 2831 495 2872 scitius.
531 2832 571 2870 et
613 2827 794 2883 lepidius
836 2828 879 2869 id
920 2827 1194 2883 philosophus
1237 2828 1288 2870 ad
1320 2841 1409 2869 rem
1440 2831 1703 2882 praesentem
1734 2842 1798 2871 ac-

217 2900 517 2944 commodavit.
