1946 3298
875 127 958 169 201

434 252 635 297 ἀκόλαςον
670 252 770 305 ἔσχε
802 254 998 302 γλῶσσαν
1031 249 1226 301 αἱσχίςην
1257 248 1379 291 νόσον.

191 325 354 368 Notum
386 326 449 365 est
481 337 608 378 quam
639 336 759 377 saepe
790 320 902 372 ςόμα
933 322 975 362 et
1005 323 1126 370 σῶμα
1157 320 1414 360 misceantur
1443 319 1484 359 et
1511 318 1705 371 ineptum

133 398 196 438 est
226 410 362 449 corpus
394 393 622 440 ἀκολασίας
655 406 842 448 arguere.

194 573 418 629 Sophocles
448 573 601 629 fragm.
637 571 734 613 687.

581 642 625 683 τὸ
659 641 820 691 μεθύειν
853 644 1034 691 πημονῆς
1066 639 1263 691 λυτήριον.

130 718 180 756 ut
221 714 428 756 sententia
470 714 525 754 sit
565 714 731 768 integra
772 714 813 753 et
845 725 942 752 cum
986 711 1100 752 vitae
1138 723 1218 752 usu
1251 723 1482 766 congruens
1515 707 1708 764 supplen-

133 784 237 826 dum
269 787 353 826 est:

460 853 620 907 (κακὸν)
652 852 696 893 τὸ
729 851 890 900 μεθύειν
925 855 1105 899 πημονῆς
1139 850 1334 901 λυτήριον.

193 923 439 965 Praeclarus
478 925 523 964 in
564 923 670 964 hanc
713 923 965 964 sententiam
1010 920 1126 963 locus
1175 924 1236 962 est
1282 919 1496 975 Euripidis
1538 920 1708 976 (fragm.

132 992 287 1046 1064):

466 1065 535 1105 οὐκ
567 1061 625 1107 ἕςι
658 1062 788 1111 λύπης
824 1061 928 1104 ἄλλο
961 1061 1182 1115 φάρμακον
1213 1062 1371 1114 βροτοῖς

465 1135 515 1181 ὡς
549 1133 682 1184 ἀνδρὸς
716 1134 857 1175 ἐσθλοῦ
891 1134 958 1175 καὶ
992 1135 1116 1184 φίλου
1149 1133 1406 1184 παραίνεσις·

467 1201 548 1250 ὅςις
581 1204 621 1245 δὲ
654 1204 787 1256 ταύτῃ
817 1210 866 1257 τῇ
901 1203 996 1256 νόσῳ
1031 1203 1152 1254 ξυνὼν
1185 1204 1280 1256 οένήρ
1301 1236 1310 1245 .
1331 1236 1340 1245 .
1362 1236 1371 1244 .
1391 1235 1401 1244 .

466 1273 566 1327 μέθῃ
598 1274 795 1325 ταροέσσει
830 1273 897 1315 καὶ
932 1274 1144 1327 γαληνίζει
1177 1274 1321 1326 φρένα.

470 1346 566 1395 παρ’
599 1344 709 1386 αὐτοὶ
741 1343 776 1385 δ’
813 1344 940 1392 ἡσθεὶς
975 1342 1108 1395 ὕςερον
1140 1343 1244 1388 ςένει
1270 1344 1410 1385 διπλᾶ.

203 1413 420 1457 Nauckius
459 1418 553 1469 post
594 1416 690 1466 ἁνήρ
732 1415 935 1469 quaedam
977 1415 1176 1456 excidisse
1208 1416 1468 1469 suspicatur,
1503 1412 1574 1455 sed
1604 1413 1714 1455 nihil

141 1485 256 1527 deest
286 1484 361 1525 ubi
393 1484 698 1527 emendaveris:
733 1483 814 1530 δ’ςις
849 1484 891 1525 δὲ
910 1509 963 1515 -
982 1483 1082 1537 μέθῃ
1114 1484 1308 1536 ταράσσει
1330 1484 1532 1536 -φρένα

469 1554 703 1605 παραυτΙΧ’
737 1554 868 1602 ἡσθεὶς
901 1552 1033 1603 ὕςερον
1066 1553 1167 1598 ςένει
1202 1555 1343 1597 διπλοῖ.

139 1623 240 1677 παρ’
275 1622 386 1666 αὐτοὶ
418 1637 465 1666 50
497 1638 620 1666 sensu
645 1638 726 1666 non
754 1629 816 1666 est
839 1624 1090 1679 Euripideae
1117 1627 1266 1667 aetatis
1293 1625 1364 1666 sed
1392 1623 1712 1668 Graeculorum.

140 1695 332 1736 Praesens
359 1694 524 1736 laetitia
555 1708 579 1736 a
606 1694 828 1737 Veteribus
861 1695 1097 1750 appellatur
1129 1696 1150 1744 ἡ
1185 1696 1421 1749 παραυτίκα
1450 1696 1577 1745 ἡδονή.
1625 1693 1715 1738 Cri-

139 1767 221 1807 tias
253 1764 364 1820 apud
394 1764 635 1807 Nauckium
670 1778 766 1821 pag.
801 1763 898 1806 600.
934 1765 1085 1822 fragm.
1122 1764 1164 1808 3.

855 1835 926 1883 τὴν
959 1836 1188 1887 παραυτίχ’
1223 1836 1356 1885 ἡδονὴν

471 1905 622 1959 ἔχθραν
653 1904 837 1953 καθι’ς·ησ’
868 1906 924 1952 εἷς
957 1905 1024 1947 τὸν
1056 1905 1189 1959 ὅςερον
1221 1906 1370 1959 χρόνον.

142 1979 184 2019 et
215 1978 260 2018 in
291 1976 530 2033 fragmento
563 1975 811 2019 Theodectis
841 1990 939 2033 pag.
974 1975 1076 2018 626.

475 2048 651 2101 ῥᾳθυμία
685 2046 724 2088 δὲ
757 2047 828 2094 τὴν
861 2046 1093 2099 παραυτίχ’
1130 2048 1265 2096 ἡδονὴν

475 2118 672 2168 λαβοῦσα
702 2118 841 2164 λύπας
873 2118 927 2170 τῷ
959 2118 1087 2170 χρόνῳ
1119 2118 1271 2160 τίκτειν
1304 2120 1437 2171 φιλεῖ.

205 2185 287 2229 Sed
332 2187 533 2229 excidisse
573 2187 775 2230 nonnulla
814 2188 1013 2231 videntur
1045 2191 1139 2243 post
1169 2202 1341 2230 versum
1372 2189 1583 2244 primum,
1622 2189 1721 2244 quia

146 2258 215 2299 οὐκ
248 2257 328 2301 ἔςιν
360 2256 465 2300 ἄλλο
499 2258 548 2304 ὡς
579 2272 654 2313 pro
687 2257 792 2300 ἄλλο
826 2259 847 2306 ἤ
882 2258 965 2300 dici
996 2272 1078 2300 non
1109 2261 1258 2314 potest.

209 2427 434 2484 Sophocles
465 2430 617 2487 fragm.
654 2430 752 2473 692.
784 2445 881 2488 pag.
916 2429 1020 2474 237.

422 2500 585 2553 διψῶντι
620 2502 701 2552 γαρ
734 2516 791 2542 τοι
827 2500 969 2542 πάντα
1001 2501 1230 2553 προσφέρων
1258 2501 1371 2554 σοφοὶ

418 2572 488 2612 οὐκ
520 2570 570 2612 ἂν
603 2572 722 2613 πλέον
754 2571 947 2623 τέρψειας
983 2571 1005 2620 ἢ
1040 2572 1246 2613 ἘΜπ-ιεῒν
1278 2571 1420 2618 διδούς.

148 2639 194 2680 111
232 2639 300 2680 1115
343 2639 502 2689 ἐμπιεῖν
545 2646 606 2683 est
646 2641 820 2683 Porsoni
860 2642 1026 2683 iuvenis
1068 2642 1392 2693 παραδιορθωσις.
1460 2641 1543 2694 Qui
1576 2643 1727 2686 sitiunt

148 2722 280 2764 neque
324 2709 485 2758 ἐμπιεῖν
528 2713 704 2766 cupiunt
745 2725 880 2766 neque
925 2712 1133 2766 ὑποπιεῖν,
1167 2726 1271 2766 quae
1303 2715 1400 2753 sunt
1432 2714 1557 2769 genio
1589 2714 1729 2757 indul-

147 2780 309 2835 gentis,
341 2781 412 2823 sed
444 2787 563 2825 πιεῖν.
630 2782 759 2824 Recte
793 2779 1061 2824 Oasaubonus
1093 2783 1114 2831 ἢ
1145 2787 1247 2824 πιεῖν
1276 2796 1349 2837 pro
1381 2784 1586 2838 scriptura
1612 2785 1727 2827 unici

170 2848 310 2891 odicis
346 2851 568 2907 (Athenaei
600 2867 696 2909 pag.
732 2851 818 2894 433
837 2850 887 2909 e.)
921 2852 979 2903 μὴ
1014 2857 1131 2895 πιεῖν.
