1946 3298
877 188 961 233 447

135 311 312 355 σωθέντα
344 311 410 355 δια
443 329 557 355 τινων
587 312 705 364 ξένων
737 313 1042 367 ἀφηγήσασθαι
1074 319 1145 362 τῆς
1186 319 1364 367 σχολῆς’
1409 315 1504 366 πρὸς
1535 313 1576 357 ’ὂν
1608 314 1708 368 οὶφι-

133 382 271 424 κέσθαι
316 383 507 434 Διόδωρον
548 384 614 425 τὸν
658 384 914 439 Ἀσπένδιον,
945 382 984 425 ὃν
1020 384 1324 436 παραδεχθῆναι
1359 384 1423 426 δια
1456 386 1527 433 τὴν
1561 385 1707 427 σπάνιν

133 457 208 495 τῶν
251 454 289 494 ἐν
333 455 387 506 τῷ
432 454 642 504 σνςήματι
675 454 834 505 ἀνδρῶν.
898 453 989 496 Iam
1023 453 1160 508 aliqua
1190 454 1266 496 lux
1297 454 1508 508 oboritur,
1541 455 1577 496 si
1605 455 1707 497 haec

135 537 232 565 cum
265 523 492 566 Plutarcho
525 526 572 565 de
598 525 713 578 qenio
746 525 917 565 Socratis
942 538 1039 580 pag.
1069 522 1155 565 583
1174 525 1209 565 b.
1244 525 1576 579 comparaveris:
1620 524 1705 566 ἐπεὶ

134 594 217 645 γαρ
250 592 438 642 ἐξέπεσον
472 594 515 635 αἱ
547 594 660 635 κατα
689 592 828 640 πόλεις
862 595 1056 645 ἑταιρεῖαι
1089 597 1165 635 τῶν
1197 594 1476 645 Πυθαγορείων
1505 619 1559 625 -——
1589 592 1705 636 Φιλό-

134 674 234 710 λαος
278 664 352 714 μὲν
385 664 441 710 εἷς
473 664 706 711 Λευκανοὺς
739 664 882 717 φυγὼν
915 664 1062 705 ἐκεῖθεν
1095 665 1269 713 ἀνεσώθη
1303 664 1398 716 πρὸς
1431 665 1522 711 τοὺς
1555 663 1706 712 ἄλλους

135 735 279 786 φίλους
323 734 393 783 ἤδη
438 733 564 775 πάλιν
607 733 899 786 ἀθροιζομένους
937 734 1004 775 καὶ
1050 738 1300 785 κρατοῦντας
1343 740 1419 777 τῶν
1462 735 1706 783 Κυλωνείων,

136 807 265 849 Λῦσις
308 803 347 845 δὲ
390 802 488 845 ὅπου
531 804 698 855 γέγονεν
742 806 922 854 ἠγνοεῖτο
967 805 1095 847 πολὺν
1136 804 1274 857 χρόνον
1304 807 1412 854 πλήν
1444 822 1495 855 γε
1525 805 1571 854 δὴ
1607 805 1708 862 (leg.

136 873 225 925 πρίν
257 890 308 924 γε
337 873 398 928 δή)
428 875 600 926 Γοργίας
630 874 646 915 ὁ
675 880 883 922 Λεοντῖνος
913 875 1130 917 ἀναπλέων
1159 876 1214 922 εἷς
1246 875 1440 917 Σικελίαν
1470 875 1708 925 ἀπήγγειλε

136 949 218 991 τοῖς
261 944 348 996 περὶ
387 946 669 987 ”ΑΡΚΕ(ΞΟΝ
713 945 899 996 βεβαίως
943 945 1088 988 Λύσιδι
1134 945 1431 997 συγγεγονέναι
1463 945 1710 997 διατρίβοντι

138 1015 226 1066 περὶ
262 1015 420 1065 Θήβας.
486 1014 570 1057 Hic
601 1015 709 1057 mihi
740 1017 928 1071 primum
961 1015 1043 1058 duo
1074 1030 1260 1058 sumam:
1295 1016 1466 1066 Ἀρέσαν
1498 1021 1540 1058 et
1566 1018 1713 1067 ’Άρκε-

138 1101 203 1128 σον
241 1099 375 1127 unum
417 1089 542 1140 atque
584 1085 698 1127 idem
732 1086 920 1128 eiusdem
951 1086 1192 1142 philosophi
1223 1101 1376 1130 nomen
1408 1101 1518 1141 esse,
1552 1090 1594 1129 et
1626 1084 1712 1135 ἐξέ-

137 1172 259 1197 πεσον
303 1157 346 1198 αἱ
384 1161 459 1198 τῶν
503 1157 780 1208 Πυθαγορείων
814 1158 1007 1208 ἑταιρεῖαι
1040 1159 1084 1200 αἱ
1118 1158 1229 1199 κατα
1263 1156 1401 1205 πόλεις
1434 1171 1518 1200 non
1549 1157 1599 1199 de
1629 1160 1712 1211 {pso

135 1227 382 1284 Pythagora
413 1241 509 1269 cum
534 1227 778 1282 aequalibus
801 1229 932 1283 accipi
959 1232 1168 1284 oportere,
1203 1229 1273 1270 sed
1304 1228 1354 1270 de
1381 1227 1515 1270 simili
1543 1227 1713 1270 calami-

137 1300 246 1347 tate,
307 1311 433 1353 quam
492 1299 760 1355 Pythagorae
816 1299 988 1354 quidam
1046 1313 1257 1342 successor
1307 1313 1404 1341 cum
1452 1298 1714 1341 auditoribus

138 1371 334 1422 expertus
373 1369 513 1410 fuerit.
578 1367 751 1411 Constat
796 1371 909 1411 enim
951 1369 1319 1426 Pythagoreorum
1360 1369 1533 1411 infestos
1574 1369 1715 1411 hostes

138 1451 212 1493 per
257 1438 492 1493 complures
539 1443 695 1481 aetates
741 1439 835 1481 odio
876 1442 1064 1482 incensos
1105 1442 1148 1482 in
1191 1440 1460 1496 philosophos
1502 1441 1713 1482 saeviisse.

141 1506 315 1550 Constat
358 1510 486 1551 etiam
529 1509 606 1551 hoc
651 1523 794 1551 omnes
834 1510 1202 1567 Pythagoreorum
1241 1512 1435 1552 inimicos
1469 1510 1713 1557 Κυλωνείους

140 1578 342 1634 appellari
374 1580 502 1621 etiam
537 1583 654 1621 extra
685 1581 919 1622 Crotonem.
964 1580 1224 1623 Iamblichus
1256 1579 1394 1636 §acia
1430 1579 1528 1622 οὕτω
1558 1579 1714 1632 σφοδροὶ

139 1664 199 1695 τις
244 1649 405 1700 ἐγένετο
449 1649 517 1691 καὶ
562 1648 736 1700 ἄκρατος
772 1652 792 1699 ἡ
827 1651 1048 1701 φιλοτιμία
1090 1652 1217 1693 αὐτοῦ
1249 1668 1294 1693 τε
1327 1654 1396 1693 τοῦ
1431 1652 1612 1698 Κύλωνος
1645 1651 1714 1693 καὶ

140 1724 215 1762 τῶν
248 1718 344 1768 μετ’
381 1720 528 1762 ἐκείνου
561 1720 826 1770 τεταγμένων
858 1719 933 1765 ὤςε
967 1721 1162 1764 διατεῖναι
1197 1721 1322 1775 μέχρι
1355 1726 1430 1764 τῶν
1469 1722 1717 1764 τελευταίων

141 1790 443 1842 Πυθαγορείων,
488 1790 597 1846 quod
635 1804 758 1833 nemo
804 1792 1031 1834 mirabitur
1072 1806 1236 1835 memor
1267 1793 1559 1850 Pythagoreos
1590 1793 1717 1835 fuisse

141 1863 185 1904 in
223 1861 402 1903 factione
444 1860 730 1916 Optimatium
769 1864 810 1903 et
853 1875 950 1903 cum
993 1862 1114 1918 plebe
1156 1867 1196 1905 et
1239 1863 1488 1920 demagogis
1521 1867 1721 1918 perpetuo

140 1931 252 1975 bella
292 1945 437 1988 gerere
479 1930 635 1973 solitos.
698 1930 845 1986 Itaque
886 1946 966 1974 non
999 1932 1157 1987 semel,
1190 1934 1262 1976 sed
1295 1935 1461 1989 saepius
1493 1949 1721 1978 κατεςασι-

144 2002 308 2051 ασμένοι
342 2002 465 2042 eiecti
496 2004 593 2042 sunt
626 2015 671 2044 ao
704 2001 853 2044 deinde
886 2005 1083 2046 revocati.
1130 2003 1247 2047 Haec
1279 2006 1415 2061 igitur
1448 2003 1637 2056 σώζοντες
1666 2004 1720 2047 τα

144 2072 374 2126 φαινόμενα
407 2073 442 2113 si
473 2085 703 2126 ponamus,
739 2086 789 2114 ex
821 2073 1003 2114 tenebris
1026 2073 1102 2115 lux
1129 2073 1362 2131 effulgebit.
1406 2075 1528 2117 Nihil
1555 2089 1722 2131 prorsus

144 2143 325 2199 impedit
366 2156 447 2197 quo
489 2144 632 2184 minus
675 2143 799 2199 Lysis
832 2142 995 2186 Thebas
1028 2145 1278 2201 migraverit
1311 2150 1352 2187 et
1384 2145 1722 2200 Epaminondam

145 2214 379 2255 instituerit
420 2213 649 2256 dummodo
694 2227 745 2255 ne
788 2215 965 2269 aequalis
1006 2215 1251 2267 Pytkayorae
1283 2216 1549 2258 existimetur
1579 2217 1720 2258 fuisse.

146 2283 192 2325 Si
232 2283 404 2338 reperiri
446 2284 601 2338 poterit
644 2297 725 2338 quo
767 2286 956 2338 tempore
999 2284 1051 2326 ad
1093 2285 1251 2327 Aresan
1291 2286 1508 2339 (Arceson)
1538 2286 1724 2341 perlatus

146 2355 274 2396 fuerit
298 2355 472 2395 nuntius
498 2354 700 2409 Lysidem
729 2353 886 2396 Thebis
910 2354 1101 2396 habitare
1126 2355 1348 2411 negotium
1375 2357 1454 2397 erit
1472 2356 1722 2398 confectum.

146 2424 241 2467 Non
283 2427 345 2466 est
386 2437 433 2465 ea
474 2438 538 2465 res
576 2423 760 2465 difficilis
792 2425 891 2479 quia
922 2425 1012 2466 eius
1044 2426 1114 2479 qui
1146 2427 1409 2467 nunciaverit
1441 2429 1622 2468 aetatem
1653 2439 1724 2469 no·

147 2496 313 2537 vimus:
357 2493 528 2544 Γοργίας
574 2494 590 2535 ὁ
634 2499 845 2540 Λεοντῖνος
888 2493 1102 2536 ἀναπλέων
1145 2496 1199 2541 εἷς
1245 2496 1441 2537 Σικελίαν
1483 2497 1724 2548 α’πήγγειλε

148 2570 230 2612 τοῖς
265 2564 351 2616 περὶ
379 2568 575 2616 ’Ἄρκεσον
607 2566 750 2608 Λύσιδι
782 2565 1094 2616 συγγεγονέναι.
1158 2566 1299 2608 Rediit
1332 2565 1513 2624 Gorgias
1543 2568 1588 2609 in
1619 2566 1723 2610 Sici·

148 2635 252 2678 liam
294 2649 400 2678 anno
443 2635 543 2679 427.
590 2637 721 2678 redux
764 2650 814 2678 ex
854 2636 988 2679 nobili
1028 2635 1266 2693 legatione,
1311 2638 1355 2678 in
1397 2651 1479 2692 qua
1508 2637 1725 2680 Leontinis

149 2706 327 2761 petierat
365 2707 416 2748 ab
453 2706 782 2748 Atheniensibus
814 2720 950 2761 opem,
1014 2706 1221 2748 Diodorus
1253 2706 1335 2749 Sic.
1370 2707 1466 2748 XII.
1502 2706 1572 2749 53.
1610 2704 1652 2755 ἧν
1685 2706 1724 2749 δὲ

151 2780 227 2817 τῶν
259 2775 557 2826 απεςαλμένων
591 2776 949 2827 αρχιπρεσβευτὴς
978 2777 1186 2829 Γοργίαςό
1211 2777 1358 2829 ῥήτωρ,
1386 2781 1427 2819 et
1451 2781 1544 2833 post
1568 2789 1724 2834 pauca:

154 2846 300 2889 πείσας
333 2847 421 2893 τοὺς
457 2848 689 2894 Ἀθηναίους
725 2872 779 2878 -
814 2848 885 2896 τὴν
916 2848 973 2894 εἷς
1006 2847 1239 2896 Λεοντίνους
1274 2847 1461 2890 ε’ποὶνοδον
1493 2847 1722 2896 ἐποιήσατο.

153 2917 204 2959 In
248 2917 327 2959 hac
366 2916 577 2975 legatione
617 2918 752 2974 igitur
794 2917 996 2974 Lysidem
1033 2919 1136 2962 visit
1178 2921 1219 2961 et
1258 2919 1302 2960 in
1341 2918 1524 2973 patriam
1565 2918 1726 2961 rediens
