<?xml version="1.0" encoding="UTF-8"?>
<!DOCTYPE html PUBLIC "-//W3C//DTD XHTML 1.0 Transitional//EN"
    "http://www.w3.org/TR/xhtml1/DTD/xhtml1-transitional.dtd">
<html xmlns="http://www.w3.org/1999/xhtml" xml:lang="en" lang="en">
 <head>
  <title>
</title>
<meta http-equiv="Content-Type" content="text/html;charset=utf-8" />
  <meta name='ocr-system' content='tesseract 3.04.00' />
  <meta name='ocr-capabilities' content='ocr_page ocr_carea ocr_par ocr_line ocrx_word'/>
</head>
<body>
  <div class='ocr_page' id='page_1' title='image "./collectaneacriti00cobeuoft_0223.png"; bbox 0 0 1946 3298; ppageno 0'>
   <div class='ocr_carea' id='block_1_1' title="bbox 236 140 1004 325">
    <p class='ocr_par' dir='ltr' id='par_1_1' title="bbox 236 140 1004 325">
     <span class='ocr_line' id='line_1_1' title="bbox 918 140 1004 185; baseline 0.023 -2"><span class='ocrx_word' id='word_1_1' title='bbox 918 140 1004 185; x_wconf 78' lang='lat'>205</span> 
     </span>
     <span class='ocr_line' id='line_1_2' title="bbox 236 264 779 325; baseline 0.002 -16"><span class='ocrx_word' id='word_1_2' title='bbox 236 264 460 322; x_wconf 89' lang='lat' dir='ltr'>Sophocles</span> <span class='ocrx_word' id='word_1_3' title='bbox 490 266 644 325; x_wconf 82' lang='lat' dir='ltr'><strong>fragm.</strong></span> <span class='ocrx_word' id='word_1_4' title='bbox 679 266 779 310; x_wconf 82' lang='lat'><strong>833.</strong></span> 
     </span>
    </p>
   </div>
   <div class='ocr_carea' id='block_1_2' title="bbox 176 335 1751 1028">
    <p class='ocr_par' dir='ltr' id='par_1_2' title="bbox 176 335 1751 1028">
     <span class='ocr_line' id='line_1_3' title="bbox 593 335 1327 392; baseline 0 -12"><span class='ocrx_word' id='word_1_5' title='bbox 593 337 731 390; x_wconf 82' lang='grc' dir='ltr'><em>χρόνος</em></span> <span class='ocrx_word' id='word_1_6' title='bbox 765 335 818 380; x_wconf 81' lang='grc' dir='ltr'>αὖ</span> <span class='ocrx_word' id='word_1_7' title='bbox 849 335 988 389; x_wconf 78' lang='grc' dir='ltr'><em>χρόνος</em></span> <span class='ocrx_word' id='word_1_8' title='bbox 1022 335 1115 388; x_wconf 74' lang='grc' dir='ltr'><em>ἅμα</em></span> <span class='ocrx_word' id='word_1_9' title='bbox 1148 342 1327 392; x_wconf 66' lang='grc' dir='ltr'><em>κραταιῷ</em></span> 
     </span>
     <span class='ocr_line' id='line_1_4' title="bbox 597 409 946 463; baseline -0.009 -11"><span class='ocrx_word' id='word_1_10' title='bbox 597 409 822 463; x_wconf 75' lang='grc' dir='ltr'><em>τερμοσύνα</em></span> <span class='ocrx_word' id='word_1_11' title='bbox 853 409 946 459; x_wconf 83' lang='grc' dir='ltr'><em>βίου</em></span> 
     </span>
     <span class='ocr_line' id='line_1_5' title="bbox 594 477 1398 530; baseline 0 -9"><span class='ocrx_word' id='word_1_12' title='bbox 594 479 716 521; x_wconf 66' lang='grc' dir='ltr'><em>πόλλ’</em></span> <span class='ocrx_word' id='word_1_13' title='bbox 750 480 971 530; x_wconf 70' lang='grc' dir='ltr'><em>ἀνευρίσκει</em></span> <span class='ocrx_word' id='word_1_14' title='bbox 1005 478 1118 530; x_wconf 70' lang='grc' dir='ltr'><em>σοφοὶ</em></span> <span class='ocrx_word' id='word_1_15' title='bbox 1151 477 1398 528; x_wconf 74' lang='grc' dir='ltr'><em>μαιομένοις.</em></span> 
     </span>
     <span class='ocr_line' id='line_1_6' title="bbox 236 549 1751 606; baseline 0.001 -14"><span class='ocrx_word' id='word_1_16' title='bbox 236 549 406 606; x_wconf 92' lang='lat' dir='ltr'>Optime</span> <span class='ocrx_word' id='word_1_17' title='bbox 448 551 500 593; x_wconf 88' lang='lat' dir='ltr'>ad</span> <span class='ocrx_word' id='word_1_18' title='bbox 543 551 794 593; x_wconf 74' lang='lat' dir='ltr'>sententiam</span> <span class='ocrx_word' id='word_1_19' title='bbox 836 550 1025 592; x_wconf 73' lang='lat' dir='ltr'>restituit</span> <span class='ocrx_word' id='word_1_20' title='bbox 1065 549 1303 593; x_wconf 84' lang='lat' dir='ltr'>Ellendtius</span> <span class='ocrx_word' id='word_1_21' title='bbox 1347 549 1612 606; x_wconf 72' lang='grc' dir='ltr'><em>ΧΡΗμοο-ύνα</em></span> <span class='ocrx_word' id='word_1_22' title='bbox 1643 550 1751 602; x_wconf 81' lang='grc' dir='ltr'><em>βίον.</em></span> 
     </span>
     <span class='ocr_line' id='line_1_7' title="bbox 176 620 445 664; baseline 0.004 -1"><span class='ocrx_word' id='word_1_23' title='bbox 176 620 445 664; x_wconf 83' lang='lat' dir='ltr'>Theocritus:</span> 
     </span>
     <span class='ocr_line' id='line_1_8' title="bbox 400 689 1508 745; baseline 0.002 -12"><span class='ocrx_word' id='word_1_24' title='bbox 400 691 426 733; x_wconf 76' lang='grc' dir='ltr'><em>οὶ</em></span> <span class='ocrx_word' id='word_1_25' title='bbox 460 691 606 740; x_wconf 82' lang='grc' dir='ltr'><em>πενία,</em></span> <span class='ocrx_word' id='word_1_26' title='bbox 642 690 877 745; x_wconf 80' lang='grc' dir='ltr'><em>Διόφαντε,</em></span> <span class='ocrx_word' id='word_1_27' title='bbox 910 689 1015 741; x_wconf 88' lang='grc' dir='ltr'><em>μόνα</em></span> <span class='ocrx_word' id='word_1_28' title='bbox 1048 689 1125 738; x_wconf 68' lang='grc' dir='ltr'><em>τοὶς</em></span> <span class='ocrx_word' id='word_1_29' title='bbox 1159 689 1314 743; x_wconf 80' lang='grc' dir='ltr'><em>τέχνας</em></span> <span class='ocrx_word' id='word_1_30' title='bbox 1349 691 1508 744; x_wconf 76' lang='grc' dir='ltr'><em>ἐγείρει.</em></span> 
     </span>
     <span class='ocr_line' id='line_1_9' title="bbox 176 761 802 815; baseline 0 -12"><span class='ocrx_word' id='word_1_31' title='bbox 176 764 217 803; x_wconf 87' lang='lat' dir='ltr'>et</span> <span class='ocrx_word' id='word_1_32' title='bbox 248 761 545 804; x_wconf 77' lang='lat' dir='ltr'>Eratosthenes</span> <span class='ocrx_word' id='word_1_33' title='bbox 578 763 619 803; x_wconf 85' lang='grc' dir='ltr'><em>ἐν</em></span> <span class='ocrx_word' id='word_1_34' title='bbox 652 764 802 815; x_wconf 70' lang='grc' dir='ltr'><em>Ἑρμῇ·</em></span> 
     </span>
     <span class='ocr_line' id='line_1_10' title="bbox 391 831 1482 890; baseline 0.002 -16"><span class='ocrx_word' id='word_1_35' title='bbox 391 833 510 885; x_wconf 77' lang='grc' dir='ltr'><em>χρειὼ</em></span> <span class='ocrx_word' id='word_1_36' title='bbox 544 831 666 874; x_wconf 71' lang='grc' dir='ltr'><em>πάντ’</em></span> <span class='ocrx_word' id='word_1_37' title='bbox 698 832 879 882; x_wconf 73' lang='grc' dir='ltr'><em>ἐδίδαξε,</em></span> <span class='ocrx_word' id='word_1_38' title='bbox 912 833 953 874; x_wconf 80' lang='grc' dir='ltr'>τί</span> <span class='ocrx_word' id='word_1_39' title='bbox 984 833 1026 874; x_wconf 82' lang='grc' dir='ltr'><em>οὐ</em></span> <span class='ocrx_word' id='word_1_40' title='bbox 1056 832 1177 884; x_wconf 81' lang='grc' dir='ltr'><em>χρειώ</em></span> <span class='ocrx_word' id='word_1_41' title='bbox 1210 848 1276 874; x_wconf 82' lang='grc' dir='ltr'>κεν</span> <span class='ocrx_word' id='word_1_42' title='bbox 1307 833 1482 890; x_wconf 76' lang='grc' dir='ltr'><em>οὲνεύροι;</em></span> 
     </span>
     <span class='ocr_line' id='line_1_11' title="bbox 237 901 1402 959; baseline 0.002 -15"><span class='ocrx_word' id='word_1_43' title='bbox 237 901 284 944; x_wconf 91' lang='lat' dir='ltr'>In</span> <span class='ocrx_word' id='word_1_44' title='bbox 316 917 440 946; x_wconf 86' lang='lat' dir='ltr'>versu</span> <span class='ocrx_word' id='word_1_45' title='bbox 471 905 596 946; x_wconf 86' lang='lat' dir='ltr'>tertio</span> <span class='ocrx_word' id='word_1_46' title='bbox 629 905 886 959; x_wconf 81' lang='lat' dir='ltr'>reposuerim</span> <span class='ocrx_word' id='word_1_47' title='bbox 917 903 1095 945; x_wconf 87' lang='lat' dir='ltr'>verbum</span> <span class='ocrx_word' id='word_1_48' title='bbox 1127 902 1402 959; x_wconf 79' lang='lat' dir='ltr'>Sophoclem:</span> 
     </span>
     <span class='ocr_line' id='line_1_12' title="bbox 388 973 1271 1028; baseline -0.001 -12"><span class='ocrx_word' id='word_1_49' title='bbox 388 974 511 1016; x_wconf 80' lang='grc' dir='ltr'><em>πόλλ’</em></span> <span class='ocrx_word' id='word_1_50' title='bbox 543 975 847 1027; x_wconf 74' lang='grc' dir='ltr'><em>ἘΞανευρίο-κει</em></span> <span class='ocrx_word' id='word_1_51' title='bbox 880 974 991 1028; x_wconf 68' lang='grc' dir='ltr'><em>σοφοὶ</em></span> <span class='ocrx_word' id='word_1_52' title='bbox 1025 973 1271 1025; x_wconf 73' lang='grc' dir='ltr'><em>μαιομένοις.</em></span> 
     </span>
    </p>
   </div>
   <div class='ocr_carea' id='block_1_3' title="bbox 163 1111 1759 2936">
    <p class='ocr_par' dir='ltr' id='par_1_3' title="bbox 236 1111 1756 1383">
     <span class='ocr_line' id='line_1_13' title="bbox 236 1111 1049 1171; baseline 0 -15"><span class='ocrx_word' id='word_1_53' title='bbox 236 1112 461 1170; x_wconf 89' lang='lat' dir='ltr'>Sophocles</span> <span class='ocrx_word' id='word_1_54' title='bbox 493 1113 647 1170; x_wconf 85' lang='lat' dir='ltr'>fragm.</span> <span class='ocrx_word' id='word_1_55' title='bbox 681 1111 782 1155; x_wconf 79' lang='lat'>845.</span> <span class='ocrx_word' id='word_1_56' title='bbox 817 1127 913 1171; x_wconf 88' lang='lat' dir='ltr'>pag.</span> <span class='ocrx_word' id='word_1_57' title='bbox 947 1113 1049 1156; x_wconf 77' lang='lat'>262.</span> 
     </span>
     <span class='ocr_line' id='line_1_14' title="bbox 477 1181 1399 1239; baseline 0.001 -13"><span class='ocrx_word' id='word_1_58' title='bbox 477 1185 660 1226; x_wconf 80' lang='grc' dir='ltr'><em>κλέπτων</em></span> <span class='ocrx_word' id='word_1_59' title='bbox 693 1184 726 1226; x_wconf 81' lang='grc' dir='ltr'>δ’</span> <span class='ocrx_word' id='word_1_60' title='bbox 758 1181 856 1227; x_wconf 66' lang='grc' dir='ltr'><em>ὅταν</em></span> <span class='ocrx_word' id='word_1_61' title='bbox 887 1200 948 1231; x_wconf 79' lang='grc' dir='ltr'><em>τις</em></span> <span class='ocrx_word' id='word_1_62' title='bbox 983 1185 1176 1237; x_wconf 80' lang='grc' dir='ltr'><em>ἐμφανῶς</em></span> <span class='ocrx_word' id='word_1_63' title='bbox 1209 1185 1399 1239; x_wconf 73' lang='grc' dir='ltr'><em>ἐφευρεθῇ</em></span> 
     </span>
     <span class='ocr_line' id='line_1_15' title="bbox 478 1254 1577 1313; baseline 0 -17"><span class='ocrx_word' id='word_1_64' title='bbox 478 1257 601 1305; x_wconf 72' lang='grc' dir='ltr'><em>σιγοῖν</em></span> <span class='ocrx_word' id='word_1_65' title='bbox 634 1254 799 1306; x_wconf 67' lang='grc' dir='ltr'><em>ἀνάγκη</em></span> <span class='ocrx_word' id='word_1_66' title='bbox 833 1254 908 1298; x_wconf 71' lang='grc' dir='ltr'><em>κᾶν</em></span> <span class='ocrx_word' id='word_1_67' title='bbox 942 1256 1067 1298; x_wconf 80' lang='grc' dir='ltr'><em>καλὸν</em></span> <span class='ocrx_word' id='word_1_68' title='bbox 1100 1255 1231 1309; x_wconf 80' lang='grc' dir='ltr'><em>φέρη</em></span> <span class='ocrx_word' id='word_1_69' title='bbox 1263 1255 1387 1306; x_wconf 79' lang='grc' dir='ltr'><em>ςόμα.</em></span> <span class='ocrx_word' id='word_1_70' title='bbox 1575 1310 1577 1313; x_wconf 25' lang='lat'><em>⁴</em></span> 
     </span>
     <span class='ocr_line' id='line_1_16' title="bbox 239 1325 1756 1383; baseline 0.003 -17"><span class='ocrx_word' id='word_1_71' title='bbox 239 1325 417 1367; x_wconf 83' lang='lat' dir='ltr'>Necesse</span> <span class='ocrx_word' id='word_1_72' title='bbox 462 1328 524 1368; x_wconf 87' lang='lat' dir='ltr'>est</span> <span class='ocrx_word' id='word_1_73' title='bbox 555 1339 629 1381; x_wconf 92' lang='lat' dir='ltr'>pro</span> <span class='ocrx_word' id='word_1_74' title='bbox 661 1326 762 1380; x_wconf 73' lang='grc' dir='ltr'><em>φέρη</em></span> <span class='ocrx_word' id='word_1_75' title='bbox 794 1340 990 1382; x_wconf 84' lang='lat' dir='ltr'>reponere</span> <span class='ocrx_word' id='word_1_76' title='bbox 1023 1330 1160 1380; x_wconf 75' lang='grc' dir='ltr'><em>φορῇ.</em></span> <span class='ocrx_word' id='word_1_77' title='bbox 1224 1326 1318 1369; x_wconf 92' lang='lat' dir='ltr'>Non</span> <span class='ocrx_word' id='word_1_78' title='bbox 1350 1330 1412 1369; x_wconf 87' lang='lat' dir='ltr'>est</span> <span class='ocrx_word' id='word_1_79' title='bbox 1443 1326 1567 1370; x_wconf 86' lang='lat' dir='ltr'>facile</span> <span class='ocrx_word' id='word_1_80' title='bbox 1599 1328 1756 1383; x_wconf 85' lang='lat' dir='ltr'>ubique</span> 
     </span>
    </p>

    <p class='ocr_par' dir='ltr' id='par_1_4' title="bbox 163 1395 1759 2577">
     <span class='ocr_line' id='line_1_17' title="bbox 179 1395 1756 1449; baseline 0.002 -12"><span class='ocrx_word' id='word_1_81' title='bbox 179 1396 408 1438; x_wconf 88' lang='lat' dir='ltr'>discernere</span> <span class='ocrx_word' id='word_1_82' title='bbox 436 1399 580 1437; x_wconf 87' lang='lat' dir='ltr'>utrum</span> <span class='ocrx_word' id='word_1_83' title='bbox 611 1395 744 1449; x_wconf 82' lang='grc' dir='ltr'><em>φέρειν</em></span> <span class='ocrx_word' id='word_1_84' title='bbox 774 1410 825 1439; x_wconf 86' lang='lat' dir='ltr'>an</span> <span class='ocrx_word' id='word_1_85' title='bbox 852 1400 986 1448; x_wconf 84' lang='grc' dir='ltr'><em>φορεῖν</em></span> <span class='ocrx_word' id='word_1_86' title='bbox 1012 1398 1067 1438; x_wconf 89' lang='lat' dir='ltr'>sit</span> <span class='ocrx_word' id='word_1_87' title='bbox 1094 1396 1374 1439; x_wconf 88' lang='lat' dir='ltr'>scribendum.</span> <span class='ocrx_word' id='word_1_88' title='bbox 1423 1396 1471 1438; x_wconf 90' lang='lat' dir='ltr'>In</span> <span class='ocrx_word' id='word_1_89' title='bbox 1498 1396 1619 1440; x_wconf 86' lang='lat' dir='ltr'>libris</span> <span class='ocrx_word' id='word_1_90' title='bbox 1646 1398 1756 1440; x_wconf 88' lang='lat' dir='ltr'>nihil</span> 
     </span>
     <span class='ocr_line' id='line_1_18' title="bbox 177 1465 1756 1522; baseline 0.003 -15"><span class='ocrx_word' id='word_1_91' title='bbox 177 1470 239 1508; x_wconf 85' lang='lat' dir='ltr'>est</span> <span class='ocrx_word' id='word_1_92' title='bbox 283 1466 446 1507; x_wconf 80' lang='lat' dir='ltr'>auxilii.</span> <span class='ocrx_word' id='word_1_93' title='bbox 509 1465 745 1508; x_wconf 85' lang='lat' dir='ltr'>Miscentur</span> <span class='ocrx_word' id='word_1_94' title='bbox 784 1469 941 1522; x_wconf 88' lang='lat' dir='ltr'>passim</span> <span class='ocrx_word' id='word_1_95' title='bbox 985 1470 1122 1519; x_wconf 86' lang='grc' dir='ltr'><em>φορεῖν</em></span> <span class='ocrx_word' id='word_1_96' title='bbox 1166 1470 1208 1508; x_wconf 89' lang='lat' dir='ltr'>et</span> <span class='ocrx_word' id='word_1_97' title='bbox 1238 1466 1373 1519; x_wconf 82' lang='grc' dir='ltr'><em>φέρειν</em></span> <span class='ocrx_word' id='word_1_98' title='bbox 1405 1468 1534 1509; x_wconf 83' lang='lat' dir='ltr'>etiam</span> <span class='ocrx_word' id='word_1_99' title='bbox 1566 1469 1641 1510; x_wconf 85' lang='lat' dir='ltr'>ubi</span> <span class='ocrx_word' id='word_1_100' title='bbox 1673 1482 1756 1511; x_wconf 92' lang='lat' dir='ltr'>non</span> 
     </span>
     <span class='ocr_line' id='line_1_19' title="bbox 176 1536 1757 1593; baseline 0.002 -15"><span class='ocrx_word' id='word_1_101' title='bbox 176 1540 238 1578; x_wconf 86' lang='lat' dir='ltr'>est</span> <span class='ocrx_word' id='word_1_102' title='bbox 280 1536 483 1593; x_wconf 88' lang='lat' dir='ltr'>ambigua</span> <span class='ocrx_word' id='word_1_103' title='bbox 527 1539 654 1592; x_wconf 83' lang='lat' dir='ltr'>optio.</span> <span class='ocrx_word' id='word_1_104' title='bbox 718 1537 932 1579; x_wconf 87' lang='lat' dir='ltr'>Nonnulla</span> <span class='ocrx_word' id='word_1_105' title='bbox 970 1541 1113 1580; x_wconf 86' lang='lat' dir='ltr'>tamen</span> <span class='ocrx_word' id='word_1_106' title='bbox 1144 1540 1242 1579; x_wconf 88' lang='lat' dir='ltr'>sunt</span> <span class='ocrx_word' id='word_1_107' title='bbox 1275 1541 1388 1579; x_wconf 85' lang='lat' dir='ltr'>certa</span> <span class='ocrx_word' id='word_1_108' title='bbox 1421 1541 1461 1580; x_wconf 91' lang='lat' dir='ltr'>et</span> <span class='ocrx_word' id='word_1_109' title='bbox 1493 1538 1638 1580; x_wconf 86' lang='lat' dir='ltr'>stabili</span> <span class='ocrx_word' id='word_1_110' title='bbox 1670 1553 1757 1581; x_wconf 89' lang='lat' dir='ltr'>om-</span> 
     </span>
     <span class='ocr_line' id='line_1_20' title="bbox 174 1606 1756 1663; baseline 0.003 -15"><span class='ocrx_word' id='word_1_111' title='bbox 174 1608 294 1648; x_wconf 91' lang='lat' dir='ltr'>nium</span> <span class='ocrx_word' id='word_1_112' title='bbox 336 1621 416 1648; x_wconf 90' lang='lat' dir='ltr'>usu</span> <span class='ocrx_word' id='word_1_113' title='bbox 459 1606 716 1650; x_wconf 85' lang='lat' dir='ltr'>confirmata.</span> <span class='ocrx_word' id='word_1_114' title='bbox 781 1607 829 1649; x_wconf 88' lang='lat' dir='ltr'>In</span> <span class='ocrx_word' id='word_1_115' title='bbox 870 1611 1071 1663; x_wconf 89' lang='lat' dir='ltr'>perpetuo</span> <span class='ocrx_word' id='word_1_116' title='bbox 1104 1621 1183 1650; x_wconf 89' lang='lat' dir='ltr'>usu</span> <span class='ocrx_word' id='word_1_117' title='bbox 1217 1611 1289 1650; x_wconf 88' lang='lat' dir='ltr'>aut</span> <span class='ocrx_word' id='word_1_118' title='bbox 1321 1621 1372 1649; x_wconf 78' lang='lat' dir='ltr'>ex</span> <span class='ocrx_word' id='word_1_119' title='bbox 1403 1609 1495 1663; x_wconf 87' lang='lat' dir='ltr'>ipsa</span> <span class='ocrx_word' id='word_1_120' title='bbox 1526 1612 1677 1651; x_wconf 84' lang='lat' dir='ltr'>natura</span> <span class='ocrx_word' id='word_1_121' title='bbox 1707 1613 1756 1652; x_wconf 91' lang='lat' dir='ltr'>ut</span> 
     </span>
     <span class='ocr_line' id='line_1_21' title="bbox 174 1678 1756 1732; baseline 0.003 -15"><span class='ocrx_word' id='word_1_122' title='bbox 174 1678 217 1718; x_wconf 78' lang='lat' dir='ltr'>in</span> <span class='ocrx_word' id='word_1_123' title='bbox 248 1678 435 1732; x_wconf 69' lang='lat' dir='ltr'>partibus</span> <span class='ocrx_word' id='word_1_124' title='bbox 476 1678 670 1732; x_wconf 73' lang='lat' dir='ltr'>corporis,</span> <span class='ocrx_word' id='word_1_125' title='bbox 715 1681 788 1720; x_wconf 84' lang='lat' dir='ltr'>aut</span> <span class='ocrx_word' id='word_1_126' title='bbox 830 1692 880 1720; x_wconf 77' lang='lat' dir='ltr'>ex</span> <span class='ocrx_word' id='word_1_127' title='bbox 922 1679 1220 1720; x_wconf 88' lang='lat' dir='ltr'>consuetudine</span> <span class='ocrx_word' id='word_1_128' title='bbox 1266 1682 1307 1720; x_wconf 90' lang='lat' dir='ltr'>et</span> <span class='ocrx_word' id='word_1_129' title='bbox 1340 1692 1455 1721; x_wconf 89' lang='lat' dir='ltr'>more</span> <span class='ocrx_word' id='word_1_130' title='bbox 1487 1683 1536 1721; x_wconf 91' lang='lat' dir='ltr'>ut</span> <span class='ocrx_word' id='word_1_131' title='bbox 1568 1680 1612 1721; x_wconf 74' lang='lat' dir='ltr'>in</span> <span class='ocrx_word' id='word_1_132' title='bbox 1645 1681 1756 1721; x_wconf 73' lang='lat' dir='ltr'>cultu</span> 
     </span>
     <span class='ocr_line' id='line_1_22' title="bbox 175 1748 1758 1804; baseline 0.003 -15"><span class='ocrx_word' id='word_1_133' title='bbox 175 1753 390 1803; x_wconf 74' lang='lat' dir='ltr'>ornatuque</span> <span class='ocrx_word' id='word_1_134' title='bbox 432 1753 567 1801; x_wconf 84' lang='grc' dir='ltr'><em>φορεῖν</em></span> <span class='ocrx_word' id='word_1_135' title='bbox 607 1748 746 1790; x_wconf 87' lang='lat' dir='ltr'>solum</span> <span class='ocrx_word' id='word_1_136' title='bbox 778 1749 904 1791; x_wconf 83' lang='lat' dir='ltr'>habet</span> <span class='ocrx_word' id='word_1_137' title='bbox 933 1748 1088 1791; x_wconf 82' lang='lat' dir='ltr'>locum.</span> <span class='ocrx_word' id='word_1_138' title='bbox 1152 1748 1393 1791; x_wconf 76' lang='lat' dir='ltr'>Herodotus</span> <span class='ocrx_word' id='word_1_139' title='bbox 1425 1748 1500 1791; x_wconf 87' lang='lat' dir='ltr'><strong>III.</strong></span> <span class='ocrx_word' id='word_1_140' title='bbox 1538 1749 1606 1792; x_wconf 80' lang='lat'>12.</span> <span class='ocrx_word' id='word_1_141' title='bbox 1639 1752 1758 1804; x_wconf 75' lang='grc' dir='ltr'><strong><em>ἰσχυ-</em></strong></span> 
     </span>
     <span class='ocr_line' id='line_1_23' title="bbox 177 1817 1757 1874; baseline 0.003 -15"><span class='ocrx_word' id='word_1_142' title='bbox 177 1818 248 1870; x_wconf 78' lang='grc' dir='ltr'>ρας</span> <span class='ocrx_word' id='word_1_143' title='bbox 293 1819 446 1871; x_wconf 84' lang='grc' dir='ltr'><em>φορέειν</em></span> <span class='ocrx_word' id='word_1_144' title='bbox 490 1819 568 1865; x_wconf 78' lang='grc' dir='ltr'>τας</span> <span class='ocrx_word' id='word_1_145' title='bbox 612 1818 831 1874; x_wconf 73' lang='grc' dir='ltr'><em>κεφαλάς,</em></span> <span class='ocrx_word' id='word_1_146' title='bbox 876 1822 917 1861; x_wconf 90' lang='lat' dir='ltr'>et</span> <span class='ocrx_word' id='word_1_147' title='bbox 960 1820 1071 1874; x_wconf 85' lang='lat' dir='ltr'>apud</span> <span class='ocrx_word' id='word_1_148' title='bbox 1114 1817 1306 1862; x_wconf 86' lang='lat' dir='ltr'>Comicos</span> <span class='ocrx_word' id='word_1_149' title='bbox 1348 1819 1505 1871; x_wconf 77' lang='grc' dir='ltr'><em>κομψὸν</em></span> <span class='ocrx_word' id='word_1_150' title='bbox 1543 1824 1678 1873; x_wconf 83' lang='grc' dir='ltr'><em>φορεῖν</em></span> <span class='ocrx_word' id='word_1_151' title='bbox 1712 1822 1757 1864; x_wconf 83' lang='grc' dir='ltr'>τὸ</span> 
     </span>
     <span class='ocr_line' id='line_1_24' title="bbox 179 1886 1758 1945; baseline 0.003 -13"><span class='ocrx_word' id='word_1_152' title='bbox 179 1888 311 1939; x_wconf 80' lang='grc' dir='ltr'><em>ςόμα,</em></span> <span class='ocrx_word' id='word_1_153' title='bbox 357 1886 456 1930; x_wconf 71' lang='grc' dir='ltr'><em>οὖλα</em></span> <span class='ocrx_word' id='word_1_154' title='bbox 503 1890 555 1930; x_wconf 73' lang='grc' dir='ltr'>τοὶ</span> <span class='ocrx_word' id='word_1_155' title='bbox 598 1889 722 1937; x_wconf 71' lang='grc' dir='ltr'><em>σκέλη</em></span> <span class='ocrx_word' id='word_1_156' title='bbox 755 1894 914 1942; x_wconf 79' lang='grc' dir='ltr'><em>φορεῖν,</em></span> <span class='ocrx_word' id='word_1_157' title='bbox 949 1889 1165 1940; x_wconf 72' lang='grc' dir='ltr'><em>καλάμινα</em></span> <span class='ocrx_word' id='word_1_158' title='bbox 1199 1889 1324 1938; x_wconf 79' lang='grc' dir='ltr'><em>σκέλη</em></span> <span class='ocrx_word' id='word_1_159' title='bbox 1356 1895 1514 1945; x_wconf 88' lang='grc' dir='ltr'><em>φορεῖν,</em></span> <span class='ocrx_word' id='word_1_160' title='bbox 1549 1894 1758 1945; x_wconf 74' lang='grc' dir='ltr'><em>πτέρυγας</em></span> 
     </span>
     <span class='ocr_line' id='line_1_25' title="bbox 178 1959 1759 2016; baseline 0.003 -15"><span class='ocrx_word' id='word_1_161' title='bbox 178 1964 339 2012; x_wconf 88' lang='grc' dir='ltr'><em>φορεῖν,</em></span> <span class='ocrx_word' id='word_1_162' title='bbox 375 1959 532 2010; x_wconf 74' lang='grc' dir='ltr'><em>λοὶγνην</em></span> <span class='ocrx_word' id='word_1_163' title='bbox 566 1961 633 2002; x_wconf 77' lang='grc' dir='ltr'><em>τὸν</em></span> <span class='ocrx_word' id='word_1_164' title='bbox 667 1961 879 2012; x_wconf 72' lang='grc' dir='ltr'><em>ὀφθαλμὸν</em></span> <span class='ocrx_word' id='word_1_165' title='bbox 913 1964 1062 2013; x_wconf 82' lang='grc' dir='ltr'><em>φορεῖν.</em></span> <span class='ocrx_word' id='word_1_166' title='bbox 1104 1960 1331 2016; x_wconf 81' lang='lat' dir='ltr'>Sophocles</span> <span class='ocrx_word' id='word_1_167' title='bbox 1361 1962 1466 2005; x_wconf 76' lang='lat' dir='ltr'>dicit</span> <span class='ocrx_word' id='word_1_168' title='bbox 1498 1964 1649 2015; x_wconf 69' lang='grc' dir='ltr'><em>γένειον</em></span> <span class='ocrx_word' id='word_1_169' title='bbox 1680 1964 1759 2012; x_wconf 77' lang='grc' dir='ltr'><em>διη-</em></span> 
     </span>
     <span class='ocr_line' id='line_1_26' title="bbox 177 2031 1758 2091; baseline 0.003 -19"><span class='ocrx_word' id='word_1_170' title='bbox 177 2031 298 2083; x_wconf 78' lang='grc' dir='ltr'><em>λιφὲς</em></span> <span class='ocrx_word' id='word_1_171' title='bbox 341 2035 475 2084; x_wconf 86' lang='grc' dir='ltr'><em>φορεῖν</em></span> <span class='ocrx_word' id='word_1_172' title='bbox 516 2031 667 2088; x_wconf 84' lang='lat' dir='ltr'>fragm.</span> <span class='ocrx_word' id='word_1_173' title='bbox 717 2031 814 2073; x_wconf 86' lang='lat'>140.</span> <span class='ocrx_word' id='word_1_174' title='bbox 878 2031 940 2073; x_wconf 91' lang='lat' dir='ltr'>De</span> <span class='ocrx_word' id='word_1_175' title='bbox 985 2033 1142 2074; x_wconf 85' lang='lat' dir='ltr'>vestitu</span> <span class='ocrx_word' id='word_1_176' title='bbox 1185 2036 1227 2073; x_wconf 88' lang='lat' dir='ltr'>et</span> <span class='ocrx_word' id='word_1_177' title='bbox 1270 2031 1390 2074; x_wconf 86' lang='lat' dir='ltr'>cultu</span> <span class='ocrx_word' id='word_1_178' title='bbox 1434 2037 1614 2091; x_wconf 87' lang='lat' dir='ltr'>corporis</span> <span class='ocrx_word' id='word_1_179' title='bbox 1657 2036 1758 2077; x_wconf 85' lang='lat' dir='ltr'>trita</span> 
     </span>
     <span class='ocr_line' id='line_1_27' title="bbox 178 2102 1755 2157; baseline 0.003 -15"><span class='ocrx_word' id='word_1_180' title='bbox 178 2105 275 2143; x_wconf 88' lang='lat' dir='ltr'>sunt</span> <span class='ocrx_word' id='word_1_181' title='bbox 306 2102 450 2157; x_wconf 76' lang='grc' dir='ltr'><em>ςολήν,</em></span> <span class='ocrx_word' id='word_1_182' title='bbox 484 2102 608 2148; x_wconf 74' lang='grc' dir='ltr'><em>ςολας</em></span> <span class='ocrx_word' id='word_1_183' title='bbox 643 2107 799 2154; x_wconf 81' lang='grc' dir='ltr'><em>φορεῖν,</em></span> <span class='ocrx_word' id='word_1_184' title='bbox 837 2102 1022 2152; x_wconf 74' lang='grc' dir='ltr'><em>ἱμάτιον,</em></span> <span class='ocrx_word' id='word_1_185' title='bbox 1053 2102 1277 2157; x_wconf 73' lang='grc' dir='ltr'><em>τριβώνιον,</em></span> <span class='ocrx_word' id='word_1_186' title='bbox 1307 2110 1527 2156; x_wconf 79' lang='grc' dir='ltr'><em>σκῆπτρον,</em></span> <span class='ocrx_word' id='word_1_187' title='bbox 1558 2105 1755 2156; x_wconf 78' lang='grc' dir='ltr'><em>κρηπῖδας</em></span> 
     </span>
     <span class='ocr_line' id='line_1_28' title="bbox 176 2172 1751 2229; baseline 0.002 -15"><span class='ocrx_word' id='word_1_188' title='bbox 176 2175 310 2222; x_wconf 76' lang='grc' dir='ltr'><em>φορεῖν</em></span> <span class='ocrx_word' id='word_1_189' title='bbox 352 2176 393 2214; x_wconf 88' lang='lat' dir='ltr'>et</span> <span class='ocrx_word' id='word_1_190' title='bbox 434 2172 572 2214; x_wconf 88' lang='lat' dir='ltr'>multa</span> <span class='ocrx_word' id='word_1_191' title='bbox 612 2173 679 2214; x_wconf 90' lang='lat' dir='ltr'>his</span> <span class='ocrx_word' id='word_1_192' title='bbox 721 2172 889 2215; x_wconf 86' lang='lat' dir='ltr'>similia.</span> <span class='ocrx_word' id='word_1_193' title='bbox 954 2174 1081 2229; x_wconf 88' lang='lat' dir='ltr'>Apud</span> <span class='ocrx_word' id='word_1_194' title='bbox 1123 2172 1375 2229; x_wconf 84' lang='lat' dir='ltr'>Sophoclem</span> <span class='ocrx_word' id='word_1_195' title='bbox 1420 2177 1464 2217; x_wconf 90' lang='lat' dir='ltr'>in</span> <span class='ocrx_word' id='word_1_196' title='bbox 1520 2176 1610 2218; x_wconf 81' lang='lat' dir='ltr'>Oed.</span> <span class='ocrx_word' id='word_1_197' title='bbox 1664 2174 1751 2219; x_wconf 69' lang='lat' dir='ltr'><em>Col.</em></span> 
     </span>
     <span class='ocr_line' id='line_1_29' title="bbox 178 2240 1757 2303; baseline 0.004 -20"><span class='ocrx_word' id='word_1_198' title='bbox 178 2240 306 2284; x_wconf 76' lang='lat'>1357.</span> <span class='ocrx_word' id='word_1_199' title='bbox 352 2243 427 2284; x_wconf 91' lang='lat' dir='ltr'>ubi</span> <span class='ocrx_word' id='word_1_200' title='bbox 458 2243 502 2284; x_wconf 90' lang='lat' dir='ltr'>in</span> <span class='ocrx_word' id='word_1_201' title='bbox 534 2243 816 2285; x_wconf 84' lang='lat' dir='ltr'>Laurentiano</span> <span class='ocrx_word' id='word_1_202' title='bbox 848 2246 935 2285; x_wconf 83' lang='lat' dir='ltr'>est:</span> <span class='ocrx_word' id='word_1_203' title='bbox 970 2243 1038 2285; x_wconf 78' lang='grc' dir='ltr'>καὶ</span> <span class='ocrx_word' id='word_1_204' title='bbox 1072 2243 1198 2290; x_wconf 67' lang='grc' dir='ltr'><em>ςοΜὶς</em></span> <span class='ocrx_word' id='word_1_205' title='bbox 1232 2243 1392 2290; x_wconf 75' lang='grc' dir='ltr'><em>ταύτας</em></span> <span class='ocrx_word' id='word_1_206' title='bbox 1434 2244 1638 2298; x_wconf 82' lang='grc' dir='ltr'><em>φέρειν,</em></span> <span class='ocrx_word' id='word_1_207' title='bbox 1687 2261 1757 2303; x_wconf 89' lang='lat' dir='ltr'>op-</span> 
     </span>
     <span class='ocr_line' id='line_1_30' title="bbox 163 2310 1757 2369; baseline 0.004 -16"><span class='ocrx_word' id='word_1_208' title='bbox 163 2310 279 2354; x_wconf 83' lang='lat' dir='ltr'>time</span> <span class='ocrx_word' id='word_1_209' title='bbox 322 2313 593 2354; x_wconf 84' lang='lat' dir='ltr'>emendatum</span> <span class='ocrx_word' id='word_1_210' title='bbox 635 2316 696 2355; x_wconf 88' lang='lat' dir='ltr'>est</span> <span class='ocrx_word' id='word_1_211' title='bbox 736 2317 885 2365; x_wconf 86' lang='grc' dir='ltr'><em>φορεῖν.</em></span> <span class='ocrx_word' id='word_1_212' title='bbox 949 2313 1096 2369; x_wconf 85' lang='lat' dir='ltr'>Itaque</span> <span class='ocrx_word' id='word_1_213' title='bbox 1139 2312 1215 2355; x_wconf 67' lang='grc' dir='ltr'><em>κᾶν</em></span> <span class='ocrx_word' id='word_1_214' title='bbox 1248 2313 1373 2355; x_wconf 74' lang='grc' dir='ltr'><em>καλὸν</em></span> <span class='ocrx_word' id='word_1_215' title='bbox 1407 2320 1509 2369; x_wconf 69' lang='grc' dir='ltr'><em>φορῇ</em></span> <span class='ocrx_word' id='word_1_216' title='bbox 1543 2315 1654 2367; x_wconf 83' lang='grc' dir='ltr'><em>ςόμα</em></span> <span class='ocrx_word' id='word_1_217' title='bbox 1686 2331 1757 2360; x_wconf 86' lang='lat' dir='ltr'>ve-</span> 
     </span>
     <span class='ocr_line' id='line_1_31' title="bbox 173 2382 1755 2444; baseline 0.004 -20"><span class='ocrx_word' id='word_1_218' title='bbox 173 2396 269 2424; x_wconf 90' lang='lat' dir='ltr'>rum</span> <span class='ocrx_word' id='word_1_219' title='bbox 313 2386 395 2433; x_wconf 88' lang='lat' dir='ltr'>est,</span> <span class='ocrx_word' id='word_1_220' title='bbox 437 2396 519 2425; x_wconf 91' lang='lat' dir='ltr'>non</span> <span class='ocrx_word' id='word_1_221' title='bbox 559 2382 682 2436; x_wconf 78' lang='grc' dir='ltr'><em>φέρη,</em></span> <span class='ocrx_word' id='word_1_222' title='bbox 728 2387 770 2426; x_wconf 91' lang='lat' dir='ltr'>et</span> <span class='ocrx_word' id='word_1_223' title='bbox 812 2386 1010 2434; x_wconf 70' lang='grc' dir='ltr'><em>γλῶτταν</em></span> <span class='ocrx_word' id='word_1_224' title='bbox 1051 2388 1187 2437; x_wconf 87' lang='grc' dir='ltr'><em>φορεῖν</em></span> <span class='ocrx_word' id='word_1_225' title='bbox 1228 2386 1394 2440; x_wconf 88' lang='lat' dir='ltr'>saepius</span> <span class='ocrx_word' id='word_1_226' title='bbox 1436 2386 1597 2444; x_wconf 90' lang='lat' dir='ltr'>legitur</span> <span class='ocrx_word' id='word_1_227' title='bbox 1645 2388 1755 2443; x_wconf 88' lang='lat' dir='ltr'>apud</span> 
     </span>
     <span class='ocr_line' id='line_1_32' title="bbox 176 2450 1756 2515; baseline 0.004 -21"><span class='ocrx_word' id='word_1_228' title='bbox 176 2450 381 2495; x_wconf 86' lang='lat' dir='ltr'>Comicos.</span> <span class='ocrx_word' id='word_1_229' title='bbox 444 2452 524 2495; x_wconf 87' lang='lat' dir='ltr'>Sed</span> <span class='ocrx_word' id='word_1_230' title='bbox 585 2453 739 2508; x_wconf 80' lang='lat' dir='ltr'>duplex</span> <span class='ocrx_word' id='word_1_231' title='bbox 797 2455 993 2496; x_wconf 88' lang='lat' dir='ltr'>machina</span> <span class='ocrx_word' id='word_1_232' title='bbox 1052 2455 1303 2498; x_wconf 82' lang='lat' dir='ltr'>admovetur</span> <span class='ocrx_word' id='word_1_233' title='bbox 1358 2470 1409 2498; x_wconf 85' lang='lat' dir='ltr'>ex</span> <span class='ocrx_word' id='word_1_234' title='bbox 1454 2457 1663 2515; x_wconf 78' lang='lat' dir='ltr'>Aeschylo</span> <span class='ocrx_word' id='word_1_235' title='bbox 1712 2459 1756 2499; x_wconf 93' lang='lat' dir='ltr'>in</span> 
     </span>
     <span class='ocr_line' id='line_1_33' title="bbox 185 2521 486 2577; baseline 0 -12"><span class='ocrx_word' id='word_1_236' title='bbox 185 2521 351 2577; x_wconf 60' lang='lat' dir='ltr'>Choeplc.</span> <span class='ocrx_word' id='word_1_237' title='bbox 386 2521 486 2565; x_wconf 81' lang='lat'><strong>574.</strong></span> 
     </span>
    </p>

    <p class='ocr_par' dir='ltr' id='par_1_5' title="bbox 178 2593 1445 2719">
     <span class='ocr_line' id='line_1_34' title="bbox 478 2593 1445 2650; baseline 0.005 -15"><span class='ocrx_word' id='word_1_238' title='bbox 478 2593 571 2643; x_wconf 84' lang='grc' dir='ltr'><em>ὑμῖν</em></span> <span class='ocrx_word' id='word_1_239' title='bbox 603 2593 636 2635; x_wconf 78' lang='grc' dir='ltr'>δ’</span> <span class='ocrx_word' id='word_1_240' title='bbox 669 2594 817 2636; x_wconf 74' lang='grc' dir='ltr'><em>ἐπαινῶ</em></span> <span class='ocrx_word' id='word_1_241' title='bbox 849 2597 1044 2645; x_wconf 73' lang='grc' dir='ltr'><em>γλῶσσαν</em></span> <span class='ocrx_word' id='word_1_242' title='bbox 1077 2595 1262 2649; x_wconf 77' lang='grc' dir='ltr'><em>εὔφημον</em></span> <span class='ocrx_word' id='word_1_243' title='bbox 1294 2596 1445 2650; x_wconf 85' lang='grc' dir='ltr'><em>φέρειν.</em></span> 
     </span>
     <span class='ocr_line' id='line_1_35' title="bbox 178 2663 631 2719; baseline -0.002 -13"><span class='ocrx_word' id='word_1_244' title='bbox 178 2666 220 2706; x_wconf 79' lang='lat' dir='ltr'>et</span> <span class='ocrx_word' id='word_1_245' title='bbox 249 2664 294 2705; x_wconf 90' lang='lat' dir='ltr'>in</span> <span class='ocrx_word' id='word_1_246' title='bbox 326 2664 496 2719; x_wconf 74' lang='lat' dir='ltr'>Supplic.</span> <span class='ocrx_word' id='word_1_247' title='bbox 532 2663 631 2708; x_wconf 77' lang='grc'><strong>972.</strong></span> 
     </span>
    </p>

    <p class='ocr_par' dir='ltr' id='par_1_6' title="bbox 477 2733 1469 2792">
     <span class='ocr_line' id='line_1_36' title="bbox 477 2733 1469 2792; baseline 0.006 -17"><span class='ocrx_word' id='word_1_248' title='bbox 477 2736 560 2781; x_wconf 76' lang='grc' dir='ltr'>πᾶς</span> <span class='ocrx_word' id='word_1_249' title='bbox 593 2734 626 2776; x_wconf 77' lang='grc' dir='ltr'>δ’</span> <span class='ocrx_word' id='word_1_250' title='bbox 657 2735 695 2776; x_wconf 84' lang='grc' dir='ltr'><em>ἐν</em></span> <span class='ocrx_word' id='word_1_251' title='bbox 726 2733 898 2788; x_wconf 83' lang='grc' dir='ltr'><em>μετοίκῳ</em></span> <span class='ocrx_word' id='word_1_252' title='bbox 930 2739 1126 2787; x_wconf 72' lang='grc' dir='ltr'><em>γλῶσσαν</em></span> <span class='ocrx_word' id='word_1_253' title='bbox 1157 2736 1324 2780; x_wconf 79' lang='grc' dir='ltr'><em>εὔτυκον</em></span> <span class='ocrx_word' id='word_1_254' title='bbox 1355 2738 1469 2792; x_wconf 85' lang='grc' dir='ltr'><em>φέρει</em></span> 
     </span>
    </p>

    <p class='ocr_par' dir='ltr' id='par_1_7' title="bbox 179 2805 1751 2936">
     <span class='ocr_line' id='line_1_37' title="bbox 477 2805 620 2854; baseline 0.007 -8"><span class='ocrx_word' id='word_1_255' title='bbox 477 2805 620 2854; x_wconf 76' lang='grc' dir='ltr'><em>κακήν.</em></span> 
     </span>
     <span class='ocr_line' id='line_1_38' title="bbox 179 2874 1751 2936; baseline 0.006 -19"><span class='ocrx_word' id='word_1_256' title='bbox 179 2874 249 2917; x_wconf 88' lang='lat' dir='ltr'>sed</span> <span class='ocrx_word' id='word_1_257' title='bbox 296 2875 331 2917; x_wconf 87' lang='lat' dir='ltr'>si</span> <span class='ocrx_word' id='word_1_258' title='bbox 375 2877 603 2932; x_wconf 87' lang='lat' dir='ltr'>utrumque</span> <span class='ocrx_word' id='word_1_259' title='bbox 647 2875 789 2920; x_wconf 87' lang='lat' dir='ltr'>locum</span> <span class='ocrx_word' id='word_1_260' title='bbox 836 2876 1077 2933; x_wconf 85' lang='lat' dir='ltr'>expenderis</span> <span class='ocrx_word' id='word_1_261' title='bbox 1125 2877 1346 2936; x_wconf 88' lang='lat' dir='ltr'>intelliges</span> <span class='ocrx_word' id='word_1_262' title='bbox 1393 2879 1501 2925; x_wconf 90' lang='lat' dir='ltr'>nihil</span> <span class='ocrx_word' id='word_1_263' title='bbox 1546 2880 1612 2925; x_wconf 85' lang='lat' dir='ltr'>his</span> <span class='ocrx_word' id='word_1_264' title='bbox 1655 2896 1751 2926; x_wconf 86' lang='lat' dir='ltr'>cum</span> 
     </span>
    </p>
   </div>
  </div>
 </body>
</html>
