1946 3298
940 150 997 199 523

184 282 337 324 endum
369 281 557 324 ordinem
585 296 724 324 rerum
758 297 781 325 a
809 283 1077 339 Theopompo
1103 289 1387 335 narratarum,
1418 286 1564 327 deinde
1592 284 1644 328 ad
1670 281 1753 326 col-

181 352 352 410 ligenda
394 358 435 394 et
477 353 730 408 disponenda
771 355 912 396 omnia
943 353 1203 410 Theopompi
1233 357 1493 412 fragmenta,
1529 369 1632 409 quae
1667 355 1753 395 sine

183 424 353 464 auctoris
408 423 562 464 nomine
611 426 768 479 passim
815 425 926 480 apud
971 424 1204 466 Diodorum
1252 425 1467 475 Siculum,
1516 424 1752 477 Iustinum,

182 491 425 535 Cornelium
457 493 663 549 Nepotem
696 498 737 537 et
769 494 871 536 alios
903 495 1266 537 circumferuntur.
1331 498 1379 537 ‘H
1412 494 1664 547 Ἰφικράτους
1699 495 1753 540 εἷς

182 563 396 614 Αἴγυπτον
427 565 620 620 ςράτείά,
649 569 698 607 ut
723 566 801 607 hoc
826 568 944 615 utar,
973 565 1122 607 multis
1151 566 1357 622 descripta
1384 566 1495 621 apud
1520 565 1752 608 Diodorum

181 634 276 676 XV.
325 633 512 676 41—43.
562 636 673 677 unde
720 638 861 677 sumta
904 638 966 677 est
1005 637 1085 677 nisi
1130 650 1180 678 ex
1221 650 1269 678 ea
1308 639 1426 692 parte
1458 636 1592 691 operis
1623 634 1754 675 Theo-

181 706 371 760 pompei,
404 718 531 759 quam
563 705 768 762 Polybius
795 704 979 748 indicat?
1027 706 1097 747 Τά
1127 705 1327 758 Κλεάρχῳ
1356 704 1595 758 πράχθέντά
1623 718 1753 754 πάροι-

181 776 402 825 νομήμάτά
437 776 549 817 κάτά
581 776 647 817 τὸν
678 775 827 818 Πόντον
857 780 1023 818 narrata
1053 776 1215 819 Iustino
1247 776 1360 819 XVI.
1397 776 1502 831 4sq.
1537 789 1671 817 nonne
1703 788 1753 815 ex

181 845 450 902 Theopompo
483 847 688 902 descripta
718 845 838 888 sunt?
901 846 1111 888 Similiter
1141 849 1185 888 in
1216 847 1438 902 permultis
1469 846 1562 889 aliis
1594 847 1754 900 impru-

184 917 326 959 dentes
368 916 687 973 Theopompum
730 917 915 974 legimus
956 918 1032 959 sub
1075 917 1169 959 aliis
1211 922 1335 973 atque
1379 917 1473 960 aliis
1514 916 1754 959 nominibus

181 988 402 1032 latentem.

241 1127 422 1170 Verbosa
468 1129 653 1170 oratione
698 1127 903 1184 Polybius
951 1127 1070 1169 docet
1109 1127 1319 1168 XXXIX.
1371 1126 1392 1167 1
1414 1142 1450 1167 a.
1492 1140 1588 1182 pag.
1625 1124 1753 1168 1159.

179 1198 312 1241 Bekk.
356 1200 605 1241 varietatem
647 1201 691 1240 in
733 1200 849 1240 omni
885 1212 928 1240 re
972 1198 1176 1240 delectare
1214 1198 1339 1252 idque
1386 1199 1571 1252 primum
1614 1196 1755 1252 paullo

178 1269 393 1324 loquacius
424 1271 470 1311 in
502 1270 691 1312 sensibus
723 1270 1002 1318 demonstrat;
1037 1270 1081 1309 in
1112 1269 1177 1310 his
1209 1268 1388 1325 legitur:
1419 1268 1486 1308 κάὶ
1515 1269 1586 1315 τὴν
1614 1270 1755 1317 γεῦσιν

179 1338 277 1391 εὕροι
313 1356 373 1386 τις
413 1339 461 1380 ἂν
494 1339 817 1392 προσηνεςέρΩΟ
848 1338 1155 1392 άποδεχομένην
1188 1338 1388 1385 πολλάκις
1425 1338 1531 1392 [καὶ]
1568 1339 1622 1379 τά
1656 1337 1755 1378 λιτά

178 1414 254 1451 τῶν
293 1409 524 1461 ἐδεσμάτων
567 1412 588 1460 ἢ
635 1411 690 1452 τοὶ
737 1415 958 1458 πολυτελῆ.
1023 1408 1299 1451 Soribendum
1346 1409 1665 1460 προσηνέςερΟΝ
1714 1411 1756 1449 et

177 1480 406 1522 molestum
432 1481 504 1523 κάί
531 1480 868 1537 expungendum.
925 1481 995 1522 Τά
1028 1479 1126 1521 λιτά
1160 1483 1221 1521 est
1253 1480 1360 1521 bona
1392 1478 1529 1521 Geelii
1557 1479 1754 1520 correctio

177 1565 252 1607 pro
298 1552 352 1593 τά
399 1557 508 1593 λεῖοι.
571 1551 695 1598 Λιτός
743 1552 788 1592 in
833 1551 954 1592 libris
1001 1552 1185 1605 antiquis
1226 1550 1357 1596 λειτός
1403 1550 1613 1591 scribitur.
1679 1549 1754 1589 Est

177 1622 289 1677 apud
320 1621 497 1664 Suidam
529 1637 570 1665 v.
605 1619 724 1674 Αἷψά
758 1621 991 1664 versiculus
1022 1621 1230 1663 Leonidae
1262 1620 1495 1662 Tarentini:

540 1690 660 1744 Αἷψοι
693 1692 793 1734 τάδε
821 1694 982 1734 κλειτοῦ
1017 1691 1120 1743 δῶρά
1152 1691 1369 1732 Λεωνίδεω.

177 1763 338 1806 dixerat
369 1767 512 1820 poeta:

537 1834 649 1876 Λιτοὶ
680 1833 772 1876 τάδ’
807 1835 849 1875 ἐκ
882 1836 994 1875 λιτοῦ
1031 1832 1131 1885 δῶρά
1166 1832 1384 1874 Λεωνίδεω.

235 1904 283 1947 In
315 1920 400 1961 sqq.
433 1905 685 1963 legendum:
719 1904 883 1955 μάλιςά
915 1905 955 1946 δὲ
991 1904 1080 1960 (pro
1113 1904 1199 1959 καὶ)
1232 1904 1319 1955 περὶ
1353 1904 1424 1952 τὴν
1457 1904 1598 1955 ψυχὴν
1633 1902 1753 1944 τοῦτο’

175 1993 236 2022 τις
270 1975 320 2018 ἂν
353 1977 423 2018 ἴδοι
458 1976 696 2027 συμβαῖνον.

357 2117 423 2157 καὶ
459 2117 596 2157 mom
628 2114 702 2165 μὲν
735 2113 847 2156 κατὰ
879 2111 945 2155 τὸν
975 2113 1176 2164 Πολύβιον
1207 2113 1330 2165 μέχρι
1363 2112 1568 2154 τοσούτου.
