1946 3298
880 176 961 220 177

124 304 425 346 Demosthenes
457 316 551 359 pag.
590 301 718 344 1335.
761 303 799 344 7.
833 302 899 343 καὶ
933 299 1027 343 τότε
1059 302 1133 352 μὲν
1161 301 1474 354 λοιδορουμένους
1497 329 1546 336 —
1566 306 1704 358 μικρὸν

127 372 168 416 δὲ
217 373 482 419 διαλιπόντας
529 377 611 418 τοῖς
660 373 797 418 αὐτοῖς
846 371 1000 418 τούτοις
1049 372 1400 425 ἘΝδεκοὲζοντας.
1474 373 1705 430 Scripserat

124 444 427 487 Demosthenes
456 443 813 495 ΟΤΝδεκαζοντας
829 476 839 490 ,
870 447 911 484 et
937 442 1128 498 frequens
1154 445 1265 486 inter
1291 445 1329 485 ἐν
1357 449 1397 486 et
1425 445 1496 486 σύν
1518 446 1703 488 confusio

126 528 257 570 quum
290 515 346 555 sit
381 515 628 569 perantiqua
661 515 791 555 etiam
823 513 1148 568 Harpocrationi
1179 516 1394 570 imposuit.

184 583 234 625 In
273 583 394 626 libris
434 583 731 626 Demosthenis
773 584 916 639 (etiam
960 585 1004 625 in
1046 582 1094 642 S)
1134 585 1331 628 vitiosius
1372 585 1510 628 multo
1545 585 1704 646 legitur

125 653 423 708 ἐνδΙκοὶζοντας.

187 785 325 837 Quam
368 784 423 825 sit
463 782 772 839 Harpocration
813 785 1040 842 indiligens
1082 788 1124 828 et
1161 800 1295 829 socors
1327 801 1548 845 cognosces
1580 803 1630 832 ex
1661 804 1704 834 v.

126 853 388 906 Ἐξένιζεῑ
426 854 682 904 Δημοσθένης
713 856 751 896 ἐν
779 862 828 909 τῇ
859 857 952 907 πρὸς
980 856 1235 907 Εὐβουλίδην
1264 858 1420 910 ἐφέσει·
1448 859 1706 910 ,,διαβεβλή-

125 941 221 968 κασι
266 925 347 977 γάρ
389 941 465 975 μου
510 926 576 967 τὸν
620 925 780 977 πατέρα
824 928 873 973 ὡς
913 925 1096 979 ἑξένιζε.”
1133 928 1293 977 μήποτε
1327 929 1416 971 azur}
1450 933 1519 972 τοῦ
1552 929 1704 980 ξένος

127 994 205 1051 ἦν,
239 995 305 1037 καὶ
342 996 420 1048 οὐχ
454 997 502 1042 ὡς
539 996 779 1046 Δίδυμός
813 1001 937 1048 <Duo-tv
969 999 1058 1039 οέντὶ
1093 1002 1162 1040 τοῦ
1195 1000 1284 1041 οὐκ
1315 1000 1570 1047 Ἀττικῶς
1605 1001 1703 1043 διε-

125 1069 324 1118 λέγετο
358 1067 501 1109 ἀλλὰ
535 1065 762 1116 ξενικῶς.
816 1068 932 1110 Num
967 1072 1014 1110 tu
1048 1083 1170 1119 eum,
1202 1084 1333 1125 quum
1362 1070 1548 1127 Didymo
1574 1072 1703 1115 stulte

125 1138 441 1194 obloqueretur,
474 1137 614 1180 locum
648 1138 943 1180 Demosthenis
974 1140 1202 1194 inspexisse
1233 1139 1382 1196 putas?
1429 1141 1587 1184 Verum
1615 1157 1703 1186 esse

123 1209 280 1251 fatetur
321 1223 362 1264 p.
408 1207 536 1250 1304.
573 1207 609 1251 7.
645 1207 704 1250 ἔτι
738 1211 755 1249 o‘
789 1210 922 1260 πατὴρ
959 1209 1150 1262 ἐξένιζεν,
1186 1211 1257 1253 sed
1287 1215 1428 1254 narrat
1459 1226 1555 1255 eum
1588 1213 1700 1256 bello

125 1283 295 1335 captum
340 1283 432 1334 post
468 1279 643 1335 longum
677 1280 877 1334 temporis
909 1280 1184 1322 intervallum
1216 1282 1389 1324 rediisse
1420 1284 1464 1324 in
1494 1285 1699 1338 patriam,

128 1350 327 1405 additque
360 1349 444 1392 οὔτ’
479 1350 517 1390 ἐν
552 1354 633 1395 τοῖς
667 1349 864 1397 δημόταις
897 1349 981 1391 οὔτ’
1015 1351 1051 1391 ἐν
1085 1356 1167 1396 τοῖς
1200 1352 1419 1404 Φράτερσιν
1447 1352 1534 1395 οὔτ’
1562 1352 1703 1396 ἄλλοθι

128 1421 305 1470 οὐδαμοῦ
349 1421 415 1461 τὸν
460 1418 665 1471 ξενίζοντα
699 1419 823 1467 οὐδεὶς
858 1421 1013 1462 πώποτ’
1046 1422 1246 1475 ᾐτιάσατο
1279 1425 1330 1469 ὡς
1363 1423 1420 1472 εἴη
1454 1424 1571 1472 ξένος.
1622 1425 1702 1467 Re-

124 1492 232 1547 petit
279 1505 317 1532 v.
371 1489 537 1541 Ξενίζειν
586 1504 765 1532 errorem
815 1491 1017 1545 eundem,
1062 1493 1135 1546 qui
1177 1496 1238 1534 est
1280 1507 1326 1535 eo
1374 1496 1544 1550 gravior
1589 1496 1699 1550 quod

122 1575 355 1616 numquam
397 1559 654 1603 Graecorum
697 1562 918 1616 quisquam
962 1561 1126 1614 ξενίζειν
1170 1563 1277 1604 dixit
1319 1578 1392 1619 pro
1435 1563 1542 1614 ξένον
1584 1563 1699 1607 εἶναι.

121 1632 212 1674 Imo
250 1645 348 1673 vero
380 1633 424 1673 in
455 1646 496 1673 v.
528 1630 692 1683 ξενίζειν
720 1633 849 1672 etiam
880 1634 1021 1688 magis
1052 1632 1294 1675 ioculariter
1324 1637 1501 1676 erravit:
1536 1639 1702 1678 mutata

123 1704 234 1743 enim
278 1703 471 1757 opinione
514 1705 637 1757 putat
678 1700 842 1754 ξενίζειν
887 1703 1031 1744 eodem
1077 1702 1373 1746 Demosthenis
1413 1704 1504 1747 loco
1541 1720 1628 1748 esse
1660 1707 1698 1748 ἐν

121 1771 212 1824 ξένῃ
255 1773 488 1824 διατρίβειν.
554 1772 636 1824 Qui
678 1773 864 1814 Athenas
907 1787 958 1814 ex
989 1772 1116 1829 longa
1150 1775 1395 1828 captivitate
1427 1776 1606 1818 redierat
1639 1790 1700 1819 ar-

122 1844 271 1900 guitur
295 1857 458 1897 pereqre
490 1857 579 1884 esse.
644 1841 773 1885 Haud
805 1843 893 1886 vidi
924 1845 1077 1900 magis.

179 1961 428 2017 Harpocrat.
469 1976 510 2003 v.
555 1962 921 2004 Ἐπιδιατίθεσθαιε
949 1963 1219 2016 -ζΛυσίας)
1262 1964 1302 2005 ἐν
1346 1966 1400 2016 τῷ
1440 1965 1534 2016 ὑπὲρ
1567 1972 1700 2014 Nno-o-

121 2032 275 2078 κλέους.
340 2033 434 2075 Non
475 2037 537 2074 est
580 2032 789 2076 Graecum
832 2046 986 2074 nomen
1025 2039 1256 2081 Νησοκλῆς.
1320 2035 1421 2076 Erat
1457 2037 1501 2077 in
1530 2040 1697 2081 vetusto

119 2103 227 2145 libro
275 2102 553 2148 ΝΙΚΟκλέους
597 2103 641 2144 id
684 2111 746 2145 est
787 2104 1059 2151 Νικοκλέους.
1106 2105 1176 2146 sed
1218 2104 1342 2147 litera
1382 2112 1414 2147 K
1457 2107 1501 2148 in
1533 2114 1584 2149 IC
1618 2109 1698 2151 dis-

120 2177 232 2216 secta
266 2174 401 2216 scriba
432 2187 482 2215 ex
515 2174 813 2221 ΝΙΙΟΟκλέους
847 2188 971 2215 suum
1005 2175 1277 2222 ΝΗΟοκλέους
1311 2175 1483 2218 effinxit.

179 2293 425 2349 Harpocrat.
463 2308 503 2336 v.
541 2293 798 2344 Ἐπιτρέπειν
832 2296 942 2334 recte
974 2292 1092 2334 docet
1121 2294 1231 2348 apud
1258 2293 1585 2340 Demosthenem
1613 2305 1696 2348 τοῖς

86 2368 89 2369 ’
120 2364 273 2410 οἰκείοις
317 2364 542 2413 ἐπιτρέπειν
586 2362 823 2420 significare
860 2363 1073 2409 διαιτητὰς
1107 2364 1254 2410 αὐτοὺς
1287 2366 1505 2417 αἱρεῖσθαι,
1540 2372 1580 2410 et
1613 2370 1697 2413 ε’πι-

119 2434 275 2486 τρέπειν
316 2434 430 2475 idem
471 2448 558 2476 esse
601 2434 710 2488 quod
759 2433 920 2474 δίαιταν
968 2434 1208 2485 ἐπιτρέπειν.
1274 2434 1420 2491 Itaque
1467 2451 1517 2480 ex
1564 2442 1696 2483 animi

119 2505 325 2548 sententia
365 2506 565 2546 assentior
606 2505 697 2546 viro
740 2504 847 2545 doct.
881 2501 1052 2545 CAROLO
1083 2504 1231 2555 FURR,
1263 2507 1336 2560 qui
1365 2506 1409 2548 in
1440 2509 1694 2552 Animadver-

118 2575 292 2617 sionibus
323 2575 366 2615 in
406 2574 587 2615 Oratores
619 2575 769 2615 Atticos
800 2574 968 2616 Bonnae
1003 2573 1130 2617 1877.
1164 2589 1259 2632 pag.
1298 2574 1364 2618 57.
1396 2579 1506 2632 apud
1529 2579 1693 2623 Isaeum

118 2645 172 2687 II.
219 2644 289 2688 29.
334 2644 462 2693 ἔδοξεν
506 2646 601 2693 ἡμῖν
644 2645 1104 2696 χρῆναι-ἐπιτρέψαι
1149 2648 1202 2697 τῷ
1247 2662 1292 2687 τε
1331 2647 1476 2702 κηδεςῇ
1509 2650 1578 2691 καὶ
1611 2657 1691 2699 τοῖς

119 2716 254 2769 φίλοις
290 2715 556 2772 [διαιτῆσαι],
592 2715 702 2757 vidit
733 2714 937 2761 διαιτῆσαι
970 2715 1099 2757 deleri
1131 2720 1331 2770 oportere.

178 2834 425 2890 Harpocrat.
459 2847 499 2876 v.
532 2832 792 2884 Εὐρύβατονε
821 2834 1064 2886 -ςρατιαν
1098 2841 1355 2885 συναγαγεῖν
1387 2837 1442 2883 εἷς
1476 2837 1543 2879 τὸν
1572 2838 1694 2883 πόλε-

119 2921 194 2957 μον
223 2905 290 2945 τὸν
326 2910 409 2945 ele
441 2904 532 2951 τοὺς
567 2902 739 2955 Πέρσας.
788 2903 891 2961 Leg.
928 2904 994 2945 τὸν
1027 2904 1150 2957 πρὸς
1186 2905 1276 2952 τοὺς
1311 2906 1482 2960 Πέρσας.

254 2987 299 3019 ll.
1459 2977 1496 3007 12
