1946 3298
927 143 1010 187 151

240 269 359 313 Suid.
390 284 433 314 v.
466 270 798 318 ἸταλιώΔης
829 270 847 312 ὂ
880 267 1064 321 ἀλαζών
1099 267 1181 309 ἀπὸ
1213 268 1290 310 τῶν
1321 270 1615 321 Πυθαγορικῶν.
1667 269 1744 312 Le-

180 341 366 397 gendum
409 339 700 383 'lw>.1c.¹>THc.
766 339 836 383 Sic
879 343 921 383 et
952 337 1176 390 ἶταλιοέζειν
1214 339 1264 381 de
1294 339 1406 381 fastu
1439 343 1481 382 et
1508 341 1745 396 arrogantia

181 411 547 468 Pythagoreorum
579 409 729 455 Graeci
762 411 922 453 dicaces
951 409 1222 465 usurpabant.

239 548 357 592 Suid.
390 566 434 594 v.
469 550 759 603 Καθαρμαε
794 551 870 602 ,,οὐ
899 550 1040 604 φθείρῃ
1071 548 1287 601 κάθαρμα,
1321 545 1470 590 εἶπεν.”
1518 547 1744 591 Tralaticio

180 634 315 663 errore
346 622 542 664 scribitur
570 636 644 678 pro
677 623 719 663 οὐ
751 622 926 675 φθερεῑς

239 691 342 733 Post
371 705 503 747 pauca
532 692 693 734 editur:
727 693 1051 744 ΚαθαρΟΙώι-ερα
1082 690 1278 733 mendose
1306 704 1380 746 pro
1411 689 1743 742 καθαρΕΙότερα,

179 760 252 803 sed
279 760 415 803 forma
445 762 651 814 καθάρειος
684 776 776 804 raro
812 765 886 804 aut
915 775 1149 817 numquam
1178 761 1295 805 salva
1325 760 1516 803 elabitur.

242 899 359 943 Suid.
392 915 434 944 v.
468 901 688 944 Καλλύνων
720 904 763 944 et
793 916 833 944 v.
866 902 1069 953 Ῥουφῖνος
1102 902 1274 957 apponit
1305 900 1417 943 hunc
1448 900 1612 943 locum:
1648 900 1745 953 χθὲς

179 972 256 1021 μὲν
287 971 355 1013 καὶ
391 971 519 1025 πρῴην
554 970 805 1024 Δεδρακότες
835 975 905 1014 τοῦ
939 973 1163 1021 καπηλείου
1196 972 1265 1014 καὶ
1297 974 1367 1014 τοῦ
1400 972 1456 1014 τα
1482 971 1619 1024 βοὶθρα
1645 981 1749 1014 καλ-

179 1041 310 1083 λύνειν
350 1042 419 1084 καὶ
461 1042 663 1095 τοῦδαφος
707 1048 845 1095 κορεῖν.
909 1041 1100 1098 Simplex
1136 1041 1329 1095 διδροίσκω
1361 1056 1443 1085 non
1474 1045 1536 1084 est
1566 1044 1612 1084 in
1642 1054 1745 1084 usu:

179 1112 402 1163 ἀποδρᾶναι
445 1117 487 1155 et
518 1112 704 1164 ἐκδρᾶναι
737 1117 779 1155 et
811 1112 1018 1165 διαδρᾶναι
1052 1114 1258 1156 dicebant.
1322 1110 1629 1169 Corrigendum
1661 1127 1749 1155 esse

179 1182 381 1225 arbitror:
414 1183 731 1237 ἘΚδεδρακότ-ες
761 1186 831 1225 τοῦ
865 1185 1105 1232 καπηλείου.

241 1323 360 1366 Suid.
392 1339 434 1366 v.
481 1323 961 1375 Καταδαρθοὶνεινε
990 1348 1043 1354 -—
1064 1323 1202 1376 κυρίως
1235 1323 1274 1365 δὲ
1308 1324 1353 1365 τὸ
1386 1323 1655 1376 καταδαρθεῖν
1687 1324 1745 1367 ε’ςὶ

178 1395 224 1436 τὸ
270 1395 308 1435 ἐν
341 1393 509 1447 δέρμασι
543 1396 905 1445 κατακοιμηθῆναι.
926 1420 979 1425 -
998 1393 1229 1447 βαρυτόνως
1266 1394 1305 1436 δὲ
1339 1395 1371 1436 οἱ
1404 1394 1582 1437 Ἀττικοὶ
1617 1410 1750 1436 κατα-

180 1463 346 1515 δαρθειν.
408 1465 502 1507 Non
544 1464 696 1507 inutile
739 1468 801 1506 est
840 1466 1168 1522 magistrorum,
1213 1466 1286 1520 qui
1317 1462 1677 1520 Constantinopoli
1704 1467 1749 1506 in

179 1535 387 1590 decrepita
430 1533 606 1577 Graecia
646 1539 921 1577 monumenta
964 1539 1157 1578 veterum
1202 1534 1439 1577 litterarum
1490 1536 1748 1590 tractabant,

177 1620 327 1662 pravas
354 1607 566 1661 opiniones
593 1609 634 1646 et
659 1607 871 1647 inscitiam
900 1606 1251 1655 animadvertere,
1282 1607 1380 1660 quia
1414 1620 1464 1647 ex
1496 1605 1582 1647 illis
1618 1608 1749 1661 sapie-

177 1677 279 1719 bant
311 1678 383 1732 qui
416 1674 586 1718 Codices
609 1680 770 1717 nostros
802 1676 1120 1730 descripserunt.
1169 1675 1218 1717 In
1249 1676 1519 1727 καταδαρθεῖν
1551 1676 1749 1719 videban-

176 1751 246 1789 tur
274 1748 354 1789 sibi
385 1746 566 1796 δεδάρθαι
601 1759 844 1802 agnoscere,
877 1747 986 1787 unde
1018 1750 1116 1788 nata
1149 1750 1210 1788 est
1237 1748 1379 1801 inepta
1407 1748 1586 1802 suspicio
1615 1763 1747 1788 κατα-

178 1817 329 1868 δαρθεῖν
381 1818 545 1872 proprie
597 1830 683 1858 esse
729 1816 773 1857 τὸ
823 1817 860 1857 ἐν
909 1816 1077 1867 δέρμασι
1125 1819 1488 1865 κατακοιμηθῆναι.
1566 1817 1745 1858 Perinde

175 1889 329 1931 vitiosa
352 1892 414 1930 est
441 1888 646 1942 scriptura
673 1887 940 1938 καταδαρθειν
974 1900 1046 1942 pro
1075 1888 1356 1939 καταδαρθεῖν.
1422 1885 1629 1928 Similiter
1655 1901 1747 1942 pec-

177 1959 326 2001 cabant
356 1960 401 2000 in
432 1957 598 2009 ὅφλειν,
634 1956 752 1998 θένειν
788 1958 846 2013 (et
879 1957 1036 2012 θένων),
1071 1957 1254 2009 σχέθειν,
1289 1956 1565 2009 παρεικαθειν,
1603 1956 1746 1997 διωκα-

179 2029 279 2079 θειν,
324 2027 542 2079 ἀμυναθειν
583 2030 625 2069 et
666 2029 759 2068 sim.
804 2028 1040 2069 cuiusmodi
1087 2028 1295 2069 erroribus
1326 2030 1485 2069 scatent
1514 2026 1613 2067 libri
1645 2040 1747 2081 quos

174 2099 380 2141 habemus
411 2112 569 2140 omnes.
634 2097 762 2139 Peius
797 2099 927 2139 etiam
959 2112 1032 2154 pro
1060 2098 1378 2148 καταδαρθόντος
1408 2098 1564 2152 passim
1593 2097 1746 2138 substi-

178 2172 304 2211 tuunt
329 2169 648 2221 καταδαρθέντος
682 2172 723 2210 et
755 2169 850 2210 sim.
884 2169 1057 2226 linguae
1085 2170 1239 2212 veteris
1269 2168 1392 2224 plane
1422 2167 1574 2222 ignari.

236 2308 556 2353 Eiusdemmodi
598 2322 709 2351 error
740 2313 803 2351 est
837 2309 948 2365 apud
980 2308 1098 2352 Suid.
1132 2323 1174 2353 v.
1205 2310 1445 2362 Κατακωχή
1479 2312 1521 2351 et
1552 2310 1748 2352 Κατακώ-

176 2396 316 2434 χιμος.
378 2380 630 2423 Nesciebant
674 2381 797 2422 unice
837 2394 988 2423 verum
1030 2395 1117 2423 esse
1157 2380 1397 2432 κατΟκωχή
1430 2383 1471 2422 et
1503 2380 1748 2431 κατοκώχι-

177 2466 278 2505 μος,
322 2453 364 2492 et
395 2451 605 2502 οένοκωχνὶ,
642 2450 840 2502 διοκωχή,
875 2452 1122 2505 παροκωχή,
1155 2450 1387 2501 συνοκωχη,
1421 2450 1671 2502 περιοκωχή,
1705 2458 1748 2492 et

175 2519 383 2575 plerisque
413 2519 515 2562 locis
546 2522 699 2576 scripta
725 2520 925 2563 Veterum
952 2521 1004 2564 ad
1032 2535 1153 2564 suam
1179 2520 1376 2575 loquendi
1403 2520 1745 2562 consuetudinem

176 2592 355 2646 turpiter
383 2590 703 2646 interpolarunt.

234 2727 434 2772 Eiusdem
465 2729 622 2773 farinae
652 2733 715 2772 est
748 2729 858 2786 apud
889 2730 1007 2774 Suid.
1040 2733 1086 2774 in
1117 2747 1157 2775 v.
1189 2732 1369 2775 verbum
1396 2731 1742 2785 Κατασκεδαζειν.

176 2799 240 2842 Ex
279 2800 577 2843 κατεσκέδασεν
617 2805 659 2843 et
701 2803 1006 2847 κατεσκέδαςαι
1048 2802 1256 2845 finxerunt
1295 2803 1476 2845 formam
1516 2805 1746 2859 praesentis

178 2869 522 2923 κατασκεδαζειν,
554 2874 604 2913 ut
633 2871 854 2926 ἀμφιέζειν
886 2887 937 2915 ex
967 2872 1183 2929 ἀμφιέσας
1211 2876 1253 2916 et
1279 2874 1543 2928 ἠμφίεσμαι,
1573 2872 1744 2926 πλάζειν
