1946 3298
894 136 977 181 157

206 263 339 320 Turpi
379 264 642 322 negligentia
683 264 795 321 apud
830 262 1008 306 Suidam
1039 265 1229 308 iocosum
1263 264 1428 310 Cratini
1458 269 1715 313 versiculum

148 338 421 390 corruperunt
451 337 496 377 in
528 351 568 379 v.

449 409 601 448 Ταῦτοο
633 405 799 457 πράσσω
828 407 981 459 ”φοεσκ“
1013 407 1108 459 οὶνηρ
1136 408 1243 450 οὐδὲν
1278 413 1407 451 ποιῶν.

206 480 397 528 Κρκτῖνος
429 477 599 528 “Ὠροιις.
664 475 801 532 Caput
833 480 895 519 est
924 481 1208 533 amputatum.
1271 479 1444 523 Fuerat:

385 553 443 589 TI
474 550 611 590 ταῦτα
645 547 835 603 mdo-<rm
864 547 1017 601 ”φ.κσκ’
1046 549 1142 601 οξνηρ
1176 549 1282 592 οὐδὲν
1316 554 1450 592 ποιῶν.

206 675 323 719 Sujd.
366 692 407 720 V.
450 677 752 730 Περιηγγέλθητ
788 677 1145 729 -Ἀττικεότερον
1187 679 1227 720 δὲ
1267 680 1310 722 τὸ
1359 681 1715 732 περιηγγέλη.

147 746 256 800 Quid
298 749 504 790 miramur
543 748 672 790 libros
712 752 872 790 nostros
915 751 978 790 tot
1022 749 1176 791 formas
1217 750 1411 792 barbaras
1449 765 1612 794 servare
1643 753 1719 794 ubi

147 818 338 862 videmus
381 820 630 875 magistros,
677 820 749 874 qui
779 819 1010 875 pereruditi
1043 833 1129 861 esse
1161 824 1429 876 putarentur,
1464 823 1522 863 sie
1554 821 1718 865 errare?

145 889 356 939 Ἠγγέλην
383 903 480 931 oum
508 891 750 945 compositis
778 891 983 930 barbarum
1011 893 1084 932 est.
1134 891 1269 932 Nemo
1295 891 1496 933 Veterum
1513 907 1717 949 umquam

145 958 267 1001 aliter
299 959 406 1001 dixit
437 974 564 1016 quam
597 959 807 1012 ἠγγέλθη,
843 961 1138 1013 παρηγγέλθη,
1175 960 1450 1014 περιηγγέλθη
1487 967 1564 1005 eet.

204 1079 321 1122 Suid.
365 1095 405 1124 v.
451 1082 590 1133 Σκίρον
637 1083 705 1137 (ex
748 1081 1229 1137 Harpocratione)—-⁸tb
1265 1081 1393 1134 σκίρον
1428 1083 1625 1126 σκιάδειον
1658 1085 1716 1129 ἐςι

146 1150 321 1201 μέγα,
366 1151 453 1204 ὑφ’
495 1149 521 1204 ᾧ
569 1153 644 1208 (sio
683 1151 767 1208 leg.
810 1166 883 1207 pro
925 1153 1012 1201 μεθ’
1056 1149 1440 1206 οὗ)--7ι·ορεύοντοιι
1487 1154 1510 1205 η’
1555 1171 1600 1196 τε
1643 1161 1716 1204 τῆς

147 1221 320 1269 Ἀθηνᾶς
363 1221 486 1272 ἱέρειοο
528 1222 596 1264 κοιὶ
643 1222 658 1263 ὅ
703 1225 771 1263 τοῦ
815 1222 1048 1268 Ποσειδῶνος
1096 1223 1220 1274 ἱερεὺς
1255 1224 1321 1264 aa}
1357 1225 1373 1266 ὁ
1406 1227 1475 1265 τοῦ
1513 1227 1717 1267 ἩΛΙΟΤ.

146 1290 193 1333 Si
240 1292 380 1333 dixero
431 1306 505 1346 pro
553 1293 690 1334 Ἡλίου
739 1293 1022 1348 reponendum
1066 1307 1152 1335 esse
1195 1293 1473 1345 Ἀπόλλωνος,
1508 1297 1721 1338 subrideat

146 1361 318 1403 fortasse
351 1361 522 1417 aliquis,
558 1364 629 1418 qui
660 1377 741 1405 non
775 1365 1016 1405 meminerit
1049 1378 1135 1405 esse
1167 1365 1211 1405 in
1241 1363 1368 1406 Codd.
1399 1367 1580 1420 antiquis
1609 1380 1720 1408 eom-

142 1434 367 1487 pendium,
405 1448 485 1488 quo
518 1438 560 1475 et
589 1435 729 1481 Ἥλιος
763 1438 803 1476 et
837 1434 1051 1476 Ἀπόλλων
1086 1439 1127 1476 et
1152 1436 1196 1476 in
1227 1436 1526 1493 Etymologico
1559 1437 1719 1493 Magno

145 1503 414 1550 Ἀπολλώνιος
448 1508 488 1546 et
520 1505 563 1546 in
594 1505 712 1547 libris
745 1505 831 1556 περὶ
863 1505 1127 1556 χρυσοποιίκς
1160 1521 1299 1546 aarum
1331 1505 1479 1558 χρυσός
1514 1507 1721 1564 significa—

141 1577 234 1628 tur,
269 1575 377 1617 unde
409 1576 525 1618 varia
557 1579 598 1617 et
630 1575 856 1631 multiplex
890 1575 1074 1618 confusio
1106 1577 1315 1630 nascitur,
1348 1576 1396 1618 de
1422 1591 1503 1632 qua
1533 1578 1720 1620 diximus

141 1646 186 1686 in
217 1645 396 1688 Praefat.
432 1646 483 1687 ad
522 1646 665 1688 Varia-s
696 1647 907 1688 Lectiones.

201 1764 319 1808 Suid.
363 1780 404 1808 v.
449 1767 816 1817 Τεθυμμένοςτ
862 1767 937 1808 ὑπὸ
982 1766 1100 1816 πυρὸς
1134 1766 1425 1817 ἐκκεκαυμένος
1466 1767 1505 1824 [ἢ
1538 1783 1719 1809 κεκακω-

142 1835 295 1892 μένος].
360 1836 587 1879 Manifesta
619 1837 720 1879 haee
754 1837 1041 1893 dittographia
1078 1841 1152 1879 est.

202 1956 385 1998 Barbara
416 1960 514 1998 sunt
547 1970 652 2011 quae
683 1956 827 2012 paullo
860 1959 955 1999 ante
988 1957 1213 2014 leguntur:

653 2027 894 2069 Τέθνοισο
926 2043 1206 2078 προςακτικον.

202 2098 444 2150 Τεθνηση
487 2098 552 2139 διὰ
595 2101 664 2139 τοῦ
710 2105 739 2140 C
782 2099 814 2139 οἱ
859 2097 1054 2140 ’Λττικοί.
1098 2112 1172 2154 pro
1216 2098 1385 2140 Τέθνικθι
1433 2102 1474 2140 et
1505 2099 1717 2150 τεθνήξεις.

141 2170 290 2213 Fidem
319 2169 471 2211 habuit
502 2169 653 2211 Suidas
685 2170 863 2211 testibus
897 2171 1112 2225 corruptis.
1160 2169 1381 2211 Ravennas
1408 2169 1515 2212 liber
1541 2171 1720 2226 reliqum

141 2255 236 2282 rum
270 2241 461 2282 omnium
495 2239 620 2296 long-e
654 2241 839 2294 optimus
871 2244 1001 2281 scatet
1034 2243 1176 2282 tamen
1203 2240 1496 2282 huiuscemodi
1521 2244 1721 2284 monstris

141 2314 182 2353 et
222 2312 426 2367 portentis
467 2310 710 2352 lectionum.
773 2310 1091 2351 Eiusdemmodi
1137 2313 1199 2352 est
1242 2309 1353 2365 quod
1399 2310 1559 2367 legitur
1608 2313 1719 2368 apud

142 2380 315 2423 Suidam
347 2396 376 2423 v
424 2380 683 2426 Τέτοινοςε
719 2379 1085 2432 -Ἀριςοφοένης·

204 2450 298 2506 κᾷτ’
333 2450 500 2504 ἐνΤΕξη
532 2452 696 2493 τέτοινον
732 2450 929 2507 (τερπνὸν)
966 2458 1048 2498 τοῖς
1081 2451 1245 2502 ἀνδράσι
1281 2451 1349 2494 noc)
1383 2453 1674 2504 ῥοπαλισμούς.

143 2535 224 2564 non
265 2521 387 2564 aliter
427 2522 670 2572 Ravennae,
713 2523 784 2564 sed
828 2522 927 2577 quid
962 2537 1048 2564 esse
1079 2525 1217 2577 potest
1248 2522 1559 2575 βαρβκρώτερον
1592 2538 1719 2579 quam

145 2590 295 2641 ἔτεξοιῖ
366 2592 625 2634 Felicissime
677 2592 890 2649 Hirsehig.
948 2593 1189 2634 emendavit
1239 2592 1465 2646 ε’νΟΤΑξη,
1514 2597 1562 2635 ut
1609 2596 1718 2649 apud

144 2662 380 2705 Homerum
423 2663 639 2707 ἐνὲςοικτκι
683 2663 799 2712 μένος
842 2663 904 2711 ἠύ.
968 2662 1176 2704 Similiter
1224 2678 1263 2705 V.
1313 2664 1629 2715 Τετροιςοιτηρου
1678 2669 1719 2707 et

147 2732 298 2775 suidas
330 2738 372 2776 et
403 2732 623 2776 Ravennas
655 2737 821 2776 servant
852 2734 1076 2776 lectionem
1111 2734 1336 2776 absurdam
1367 2734 1495 2776 hane:

629 2803 671 2852 ἢν
707 2804 739 2845 δ’
773 2805 972 2858 οέποκλίνη
1005 2811 1054 2857 τῇ
1089 2805 1194 2858 θύρᾳ.

147 2875 191 2915 in
233 2887 313 2929 qua
355 2872 512 2916 latebat
559 2877 682 2917 vetus
722 2874 856 2917 forma
897 2876 1040 2918 Attica
1080 2876 1270 2929 οὲποκλῄη
1312 2876 1493 2918 confusis
1526 2882 1642 2919 HIHI
1677 2881 1719 2921 et
