1946 3298
936 193 1020 237 446

187 318 255 362 τὸν
300 319 544 374 Πυθαγόραν
585 325 667 367 τοῖς
709 319 864 373 χρόνοις
907 319 1119 371 γενόμενος
1163 319 1271 363 ἑπτα
1304 327 1467 371 γενεαῖς
1500 321 1655 373 ἔγγιςα
1690 322 1762 374 πρὸ

189 390 420 439 Πλάτωνος.
463 396 504 434 et
545 395 639 447 post
680 404 837 446 pauca:
883 391 1130 441 παραδοῦναι
1174 392 1214 433 δὲ
1249 391 1539 446 (Pytkayoram)
1571 392 1763 444 Ἀριςαίῳ

187 462 259 509 την
295 462 449 514 σχολὴν
480 461 752 513 πρεσβυτάτῳ
786 460 879 502 ἕντι.
944 460 990 502 Si
1021 462 1239 503 Aristaeus
1270 461 1538 519 Pythagorae
1577 462 1764 517 aequalis

189 536 277 575 erat
321 537 362 575 et
403 536 527 574 natus
570 533 679 573 circa
719 545 875 573 annum
908 529 1018 580 569,
1061 532 1172 573 inter
1203 545 1301 573 eum
1332 535 1374 573 et
1403 532 1625 574 Platonem
1657 547 1762 574 anno

188 603 274 645 429
318 606 469 645 natum
509 601 783 644 intervallum
826 605 888 644 est
930 615 1133 644 annorum
1180 601 1286 655 140,
1331 615 1413 656 quo
1450 606 1589 655 septem
1620 607 1764 643 aetates

187 674 305 716 nullo
339 672 463 715 modo
496 671 655 727 expleri
686 676 873 727 possunt.
937 671 1158 714 Praeterea
1190 685 1270 727 quo
1302 671 1473 714 tandem
1499 675 1621 727 pacto
1648 672 1764 713 Aris-

187 748 305 787 taeus
339 743 504 785 scholae
545 756 732 798 praeesse
772 744 912 798 potuit
955 742 1238 800 Pythagoreis
1270 743 1465 785 omnibus
1497 745 1570 784 aut
1606 744 1763 785 necatis

187 818 261 856 aut
291 816 335 855 in
368 813 564 855 exsilium
597 812 781 868 expulsis
815 817 856 855 et
878 818 969 867 post
993 814 1132 854 multos
1158 814 1305 854 demum
1332 828 1452 854 annos
1477 813 1764 856 misericordia

187 887 347 927 civium
391 884 442 925 ab
485 883 631 925 exsilio
663 885 868 926 revocatis
903 885 942 939 (ξ
975 881 1124 939 263.)Ῡ
1172 884 1346 926 Accedit
1378 884 1488 939 quod
1515 898 1638 926 nemo
1669 898 1762 925 um-

188 969 316 1011 quam
349 955 399 996 de
431 955 621 996 Aristaeo
654 954 884 1009 quidquam
916 955 1150 1004 inaudivit,
1184 956 1265 996 nisi
1296 955 1405 1009 quod
1436 956 1480 995 in
1505 954 1647 1009 §104
1673 956 1763 997 eius

186 1040 339 1068 nomen
368 1024 527 1081 legitur
559 1026 669 1066 inter
699 1024 968 1082 Pythagorae
1002 1024 1205 1080 aequales,
1255 1025 1410 1067 Contra
1440 1026 1484 1066 in
1511 1026 1533 1080 ξ
1560 1024 1661 1068 267.
1688 1025 1764 1067 ubi

187 1097 458 1138 nominantur
490 1095 522 1136 οἱ
556 1097 854 1145 Κροτωνιᾶται,
888 1097 960 1150 qui
986 1095 1246 1152 Pythagorei
1271 1095 1463 1145 fuerunt,
1498 1097 1587 1137 eius
1611 1109 1763 1138 nomen

186 1180 270 1208 non
301 1168 527 1220 comparet.
592 1164 806 1219 Quidquid
837 1165 964 1207 huius
995 1167 1056 1207 rei
1090 1169 1152 1207 est
1183 1167 1373 1208 Aristaeo
1401 1167 1645 1209 successisse
1670 1180 1763 1222 per-

185 1237 333 1278 hibent
375 1235 644 1292 Pythagorae
685 1233 823 1276 filium
858 1249 935 1277 avo
969 1237 1262 1292 cognominem
1295 1236 1607 1279 Mnesarchum.
1654 1236 1764 1278 Iam-

186 1306 314 1348 blich.
363 1307 384 1361 ξ
423 1304 523 1347 265.
583 1306 671 1355 μεθ’
720 1304 759 1347 ἓν
811 1306 1067 1361 (Aristaeum)
1120 1307 1352 1356 ἡγήσασθαι
1400 1309 1650 1359 Μνήσαρχον
1696 1308 1764 1349 τὸν

186 1376 435 1428 Πυθαγόρου.
472 1378 610 1417 τοῦτον
645 1375 684 1417 δὲ
719 1376 957 1430 Βουλαγόρα
989 1377 1262 1427 παραδοῦναι,
1298 1378 1365 1429 ἐφ’
1398 1375 1442 1419 οὖ
1467 1378 1763 1429 διαρπασθῆναι

185 1447 334 1498 συνέβη
385 1448 456 1495 την
506 1450 784 1497 Κροτωνιατῶν
834 1447 964 1489 πόλιν.
1027 1447 1170 1502 Etiam
1212 1449 1256 1489 in
1292 1448 1369 1490 hac
1410 1463 1454 1490 re
1497 1448 1762 1490 dissentiunt.

185 1518 372 1574 Scriptor
403 1519 588 1559 incertus
621 1518 668 1558 de
701 1518 782 1558 vita
813 1518 1057 1574 Pytbayorae
1089 1518 1199 1573 apud
1230 1518 1434 1560 Photium
1461 1520 1505 1560 in
1532 1517 1632 1561 Cod.
1660 1517 1761 1560 259.

184 1590 206 1645 ξ
239 1588 281 1631 2.
318 1589 334 1630 ὁ
368 1588 442 1638 μὲν
486 1589 735 1640 Μνήσαρχος
779 1584 834 1634 εἷς
880 1593 956 1630 τῶν
990 1589 1079 1630 υἱῶν
1112 1589 1238 1630 αὐτοῦ
1272 1589 1555 1643 (Pythayorae)
1587 1588 1762 1638 λέγεται

185 1659 365 1710 νεώτερος
399 1662 668 1706 τελευτῆσαι,
703 1658 935 1709 Τηλαύγης
970 1659 1010 1701 δὲ
1045 1659 1061 1699 ὂ
1094 1657 1222 1710 ἕτερος
1259 1657 1479 1707 διεδέξατο.
1546 1658 1763 1702 Consentit

184 1730 393 1786 Diogenes
434 1728 574 1771 Laert.
607 1728 728 1778 VIII,
766 1728 836 1770 43.
883 1726 926 1776 ἦν
959 1729 1026 1770 καὶ
1061 1729 1291 1780 Τηλαύγῆς
1328 1729 1408 1775 υἱὸς
1441 1730 1565 1770 αὐτοῦ
1600 1729 1764 1785 (Pytha-

181 1800 342 1855 90rae)‚
378 1794 417 1845 ὃς
451 1799 519 1840 καὶ
555 1797 761 1848 διεδέξατο
794 1799 861 1840 τὸν
894 1799 1053 1851 πατέρα
1088 1800 1155 1841 καὶ
1194 1799 1304 1842 κατα
1337 1815 1451 1845 τινας
1485 1799 1763 1847 Ἐμπεδοκλέ-

186 1886 249 1917 ους
283 1870 562 1920 καθηγήσατο.
612 1870 855 1920 Ἰππόβοτός
890 1870 941 1921 γε’
974 1885 1031 1912 τοι
1065 1871 1165 1923 φησι
1201 1871 1338 1920 λέγειν
1371 1869 1682 1916 Ἐμπεδοκλέα·

397 1940 649 1991 Τήλαυγες,
685 1941 810 1982 κλυτὲ
839 1943 951 1993 κοῦρε
987 1944 1162 1987 Θεανοῦς
1196 1941 1438 1992 Πυθαγόρεω
1471 1957 1529 1983 τε.

245 2011 397 2054 Omnia
442 2011 544 2053 haec
590 2012 700 2052 inter
747 2025 788 2053 se
835 2026 1023 2068 pugnare
1069 2012 1186 2054 vides
1230 2017 1271 2053 et
1314 2011 1423 2053 nihil
1467 2025 1554 2053 esse
1595 2012 1639 2052 in
1679 2025 1761 2066 quo

185 2082 361 2125 firmiter
403 2083 614 2124 consistas.
688 2081 750 2124 De
803 2082 1016 2139 Bulagora
1067 2083 1112 2123 in
1162 2082 1351 2138 catalogo
1393 2082 1760 2138 Pythagoreorum

184 2155 205 2208 ἓ
239 2152 339 2196 267.
382 2151 469 2194 οὐδὲ
511 2155 612 2207 γρῦ,
654 2166 787 2208 neque
830 2152 938 2194 alius
982 2154 1204 2207 quisquam
1249 2153 1463 2194 hominem
1502 2153 1633 2194 novit.
1697 2152 1760 2194 Ne

184 2225 261 2266 hoc
293 2224 463 2279 quidem
497 2224 593 2264 sciri
624 2226 761 2278 potest
794 2237 874 2278 quo
908 2227 1096 2278 tempore
1123 2226 1163 2264 et
1191 2236 1215 2265 a
1242 2223 1395 2277 quibus
1422 2220 1760 2265 Crotoniatarum

184 2295 282 2336 urbs
316 2299 436 2349 capta
468 2298 510 2335 et
541 2293 702 2348 direpta
732 2293 871 2335 fuerit.

245 2365 479 2421 Bulagorae
510 2365 754 2405 successisse
786 2364 967 2406 traditur
999 2362 1233 2421 Gartydas,
1267 2365 1326 2406 sic
1359 2366 1471 2406 enim
1503 2367 1613 2406 recte
1640 2365 1683 2405 in
1711 2364 1758 2406 F.

185 2436 389 2490 scriptum
422 2438 505 2476 est:
540 2435 629 2484 μεθ’
664 2428 702 2475 ἓν
736 2434 947 2485 γαρτύδαν
979 2438 1070 2489 (pro
1103 2435 1184 2485 γαρ
1217 2434 1357 2486 τύδαν)
1392 2434 1459 2475 τὸν
1497 2433 1760 2485 κροτωνιοὶτην

184 2505 370 2556 διάδοχον
412 2504 599 2554 γενέσθαι
644 2504 918 2547 ἐπανελθόντα
963 2505 1005 2547 ἐκ
1049 2511 1121 2553 τῆς
1165 2504 1426 2555 ἀποδημίας,
1461 2502 1504 2552 ἣν
1541 2504 1759 2553 ἐποιήσατο

184 2577 255 2627 πρὸ
307 2577 374 2617 τοῦ
424 2574 619 2622 πολέμου.
687 2574 748 2617 De
797 2574 988 2631 Gartyda
1036 2589 1197 2630 quoque
1249 2575 1385 2617 altum
1432 2574 1542 2630 apud
1589 2574 1759 2617 Veteres

183 2645 417 2688 silentium.
482 2643 646 2685 Nomen
688 2645 829 2698 ipsum
873 2645 1113 2686 inauditum
1148 2648 1210 2686 est
1247 2645 1357 2700 apud
1390 2658 1543 2686 omnes.
1610 2643 1691 2686 Sed
1722 2646 1759 2686 is

183 2716 300 2758 brevi
341 2728 439 2770 prae
480 2726 667 2755 moerore
712 2719 905 2756 mortuus
949 2718 1025 2756 est.
1090 2715 1373 2757 lamblichus:
1419 2714 1484 2756 δια
1517 2714 1652 2764 μέντοι
1686 2715 1758 2762 την

182 2787 398 2837 συμφορὰν
445 2789 516 2831 τῆς
561 2784 751 2833 πατρίδος
795 2782 864 2825 ἕνα
909 2785 954 2833 δη
997 2785 1113 2835 μόνον
1155 2784 1344 2835 γενέσθαι
1388 2788 1549 2839 τοῦτον,
1600 2782 1639 2830 ὃς
1683 2785 1756 2827 ὑπὸ

181 2857 316 2904 λύπης
349 2854 546 2907 προῦλιπε
578 2853 644 2895 τὸν
675 2853 780 2904 βίον.

242 2926 462 2981 Sequitur:
507 2922 633 2977 χρόνῳ
671 2923 808 2974 μέντοι
841 2940 892 2975 γε
926 2923 1059 2977 ὅςερον
1093 2927 1326 2968 ἈΡΕΟΑΝ
1360 2926 1403 2967 ἐκ
1435 2929 1512 2967 τῶν
1543 2929 1757 2968 Λευκανῶν
