1946 3298
887 147 970 191 175

143 270 292 318 πηνίκα
335 285 442 318 πως-ς
488 271 640 318 πηνίκα
684 271 872 322 μάλιςα;
916 275 989 314 aut
1031 272 1171 314 simile
1215 274 1316 328 quid
1348 275 1610 329 temperandi
1642 276 1715 317 aut

141 340 360 381 minuendi
391 341 481 381 vim
513 341 693 397 liabens,
726 357 799 399 quo
831 347 996 396 tempore
1027 342 1216 384 circiter?

202 479 446 536 Harpocrat.
482 496 523 523 v.
556 483 834 530 Γαμηλία;
864 506 919 512 —
940 482 1116 530 Δίδυμος
1150 482 1187 522 ἐν
1221 482 1295 531 μὲν
1328 488 1410 528 τοῖς
1443 483 1592 524 Ἰσαίου
1622 484 1715 524 ὑπο-

140 550 477 598 μνήμασιν-ἐν
520 550 560 591 δὲ
603 557 686 596 τοῖς
733 557 817 592 etc
859 551 1114 599 Δημοσθένην
1158 551 1259 608 Leg.
1306 553 1344 593 ἐν
1386 553 1460 601 μὲν
1501 558 1582 598 τοῖς
1630 560 1715 595 ele

139 621 298 660 Ἰσαῖον.
363 620 457 662 Non
499 620 684 661 multum
729 620 919 675 proficias
955 635 1005 662 ex
1046 621 1224 677 Didymi
1265 623 1629 677 interpretatione:
1664 625 1716 665 ad

140 690 465 732 Demosthenem
523 692 740 732 annotavit
787 691 1071 740 γαμηλίαν
1121 705 1207 732 esse
1254 695 1324 738 την
1370 698 1450 738 τοῖς
1498 694 1716 744 φράτορσιν

140 760 391 814 (Φράτερσιν)
433 760 497 801 ἐπὶ
531 760 682 810 γάμοις
718 761 920 809 διδομένην
955 764 1272 811 παρατιθέμενος
1309 762 1418 810 λέξιν
1455 765 1714 813 Φανοδημου,

141 831 179 871 ἐν
213 827 236 881 ἦ
268 830 376 871 οὐδὲν
408 834 580 872 τοιοῦτον
615 831 879 881 γέγραπται,
914 832 964 873 ad
998 831 1163 873 Isaeum
1194 833 1210 873 ὁ
1241 833 1363 878 αὐτὸς
1394 833 1519 874 πάλιν
1551 850 1714 884 γαμη-

140 900 265 941 λίαν
305 900 430 950 φησιν
471 898 570 941 εἶναι
617 903 687 948 την
731 902 784 946 εἰς
829 902 920 947 τοὺς
956 902 1163 953 Φράτορας
1201 903 1446 957 (φράτερας)
1482 905 1716 954 εἰσαγωγὴν

139 974 213 1011 τῶν
245 975 444 1019 γυναικῶν
479 971 668 1020 οὐδεμίαν
700 970 905 1020 ἀπόδειξιν
938 978 1010 1020 τῆς
1045 971 1275 1021 ἐξηγήσεως
1311 973 1600 1024 παραθέμενος.

192 1040 287 1082 Non
328 1046 390 1082 est
430 1048 571 1083 tamen
613 1056 677 1083 res
720 1043 907 1084 obseura.
974 1044 1174 1090 Γαμηλία
1217 1046 1279 1084 est
1323 1045 1344 1091 ἦ
1390 1044 1455 1083 ἐπὶ
1501 1046 1555 1095 τῷ
1588 1044 1715 1096 γάμῳ

133 1111 249 1152 θυσία
283 1111 321 1152 ἐν
353 1117 434 1157 τοῖς
468 1112 663 1162 φράτερσι
699 1112 767 1153 καὶ
801 1115 845 1153 τὸ
880 1111 993 1162 ἔργον
1025 1114 1319 1162 γαμηλίαν
1352 1114 1717 1170 εἰσενεγκεῖν,

133 1185 238 1222 teste
284 1181 456 1223 Polluce
505 1182 576 1223 HI.
626 1182 696 1223 42.
749 1188 790 1224 et
833 1185 930 1237 quia
974 1197 1061 1225 rem
1105 1183 1294 1224 divinam
1343 1184 1392 1225 de
1422 1198 1538 1226 more
1571 1185 1717 1240 epulae

133 1256 363 1307 sequuntur
399 1254 615 1294 verissime
647 1254 792 1295 scribit
823 1253 1068 1309 Hesychius
1102 1254 1325 1303 γαμηλίαν
1361 1269 1449 1296 esse
1483 1256 1664 1304 δεῖπνον,
1699 1253 1717 1297 ὃ

133 1329 212 1368 τοῖς
248 1322 467 1374 Φράτερσιν
501 1324 622 1365 ἐποίει
659 1324 676 1365 ὁ
711 1328 875 1374 γαμῶν.

193 1392 430 1449 Didymum
471 1396 631 1449 saepius
667 1396 712 1435 in
743 1394 900 1436 talibus
931 1394 1221 1451 negligentius
1258 1399 1299 1436 et
1331 1395 1599 1438 festinantius
1627 1410 1718 1438 ver-

134 1465 216 1505 sari
247 1464 356 1505 infra
387 1463 581 1519 pluribus
613 1465 845 1507 ostendam.

192 1604 413 1660 Leguntur
438 1605 483 1645 in
508 1603 803 1646 Demosthenis
830 1603 1079 1653 Codicibus,
1109 1618 1211 1660 quos
1247 1605 1453 1647 habemus
1476 1608 1720 1661 superstites

134 1677 175 1715 et
216 1676 260 1715 in
300 1688 382 1715 uno
425 1676 615 1716 omnium
649 1677 1007 1729 praestantissimo
1038 1675 1235 1717 Parisino
1268 1675 1297 1716 S
1328 1677 1582 1730 perabsurda
1616 1678 1721 1718 vitia

134 1744 339 1800 quaedam
372 1734 702 1799 Harpocratione
735 1747 982 1800 antiquiora.
1045 1746 1290 1787 Absurdum
1325 1752 1388 1788 est
1420 1747 1529 1801 quod
1560 1747 1720 1804 legitur

134 1816 245 1870 apud
282 1814 609 1856 Demosthenem
636 1829 732 1871 pag.
764 1815 867 1858 284.
899 1815 967 1857 24.
1002 1816 1092 1862 τοὺς
1127 1817 1170 1856 ἐκ
1203 1820 1279 1857 τῶν
1313 1819 1463 1864 σκηνῶν
1496 1818 1572 1858 τῶν
1607 1819 1719 1859 κατὰ

134 1887 204 1932 την
238 1886 392 1937 οὶγοραν
436 1885 612 1935 ἐξεῖργον
657 1887 724 1927 καὶ
769 1887 824 1927 τα
867 1887 990 1937 γέρρα
1028 1886 1506 1929 ἘΝΕΠΙΜΠΡΑΟΑΝ
1558 1888 1717 1930 Eadem

133 1957 337 2010 scriptura
383 1959 470 1997 erat
511 1957 556 1996 in
597 1956 718 1998 libris
761 1956 1106 2012 Harpocrationis
1140 1971 1180 1998 v·
1216 1958 1353 2007 Γέρρα.
1419 1958 1566 2015 Itaque
1599 1963 1640 2000 et
1673 1961 1718 2000 in

133 2027 312 2083 Didymi
357 2028 400 2067 in
440 2026 768 2068 Demosthenem
803 2029 1137 2076 commentariis,
1177 2028 1329 2082 quibus
1363 2029 1582 2079 utebatur,
1617 2029 1719 2070 fere-

133 2097 258 2139 batur
283 2097 426 2138 eadem
453 2096 601 2146 lectio,
632 2111 736 2152 quae
764 2111 934 2139 omnem
962 2111 1106 2139 sanam
1131 2099 1520 2153 interpretationem
1545 2101 1714 2154 respuit.

134 2167 331 2209 Ridicula
372 2172 434 2208 est
481 2169 593 2208 enim
640 2167 985 2222 Harpocrationis
1033 2169 1196 2222 opinio,
1247 2171 1320 2223 qui
1367 2170 1476 2210 serio
1525 2169 1719 2211 credebat

134 2239 382 2279 tabernarum
426 2238 590 2291 inforo
623 2239 679 2278 τα
714 2238 1001 2287 σκεπάσματα
1036 2238 1104 2278 καὶ
1139 2239 1194 2279 τα
1229 2239 1615 2289 παρακαλύμματα
1649 2239 1720 2290 ε’μ-

135 2309 396 2358 πίμπρασθαι
429 2308 523 2356 ὑπὲρ
556 2310 624 2348 τοῦ
658 2309 715 2357 μη
752 2308 970 2351 συνεςάναι
1004 2308 1092 2358 περὶ
1126 2308 1179 2349 τοὶ
1214 2308 1309 2350 ὤνια
1345 2309 1408 2350 ἐπὶ
1445 2316 1516 2357 τῆς
1550 2311 1718 2360 άγοροῖς.

133 2379 378 2420 Periculum
416 2378 586 2431 fuisset,
627 2380 794 2432 opinor,
839 2392 890 2419 ne
935 2379 1139 2433 quidquid
1179 2385 1287 2421 esset
1329 2382 1373 2421 in
1417 2381 1496 2421 fori
1536 2380 1719 2421 tabernis

134 2450 339 2490 mercium
380 2448 598 2489 flammam
640 2448 822 2489 traheret
869 2451 911 2489 et
953 2448 1239 2504 conflagraret.
1305 2449 1404 2492 Sine
1438 2452 1718 2492 controversia

134 2522 377 2573 corruptum
419 2522 481 2559 est
529 2518 849 2567 ἐνεπίμπρασαν.
940 2518 1049 2569 Quid
1100 2521 1155 2560 sit
1203 2520 1510 2562 emendandum
1560 2522 1720 2576 optime

132 2589 307 2645 colligas
348 2603 398 2630 ex
438 2588 527 2629 loco
567 2590 764 2630 orationis
811 2589 922 2629 κατα
970 2591 1151 2639 Νεαίρας
1185 2603 1283 2646 pag.
1324 2590 1454 2633 1375.
1495 2590 1548 2632 19
1594 2605 1720 2645 quem

134 2658 435 2714 Harpocration
481 2660 568 2713 ipse
616 2660 900 2712 comparavit:
949 2659 1040 2706 τοὺς
1085 2660 1123 2701 δὲ
1174 2661 1389 2709 πρυτάνεις
1436 2663 1593 2702 κελεύει
1621 2663 1718 2703 -5

135 2728 250 2778 νόμος
296 2730 367 2775 την
414 2733 552 2780 ψῆφον
602 2728 746 2768 διδόναι
800 2728 1000 2779 προσιόντι
1053 2731 1106 2781 τῷ
1159 2730 1269 2782 δήμῳ
1319 2731 1410 2782 πρὶν
1452 2732 1542 2776 τοὺς
1588 2730 1720 2779 ξένους

136 2799 299 2840 εἰσιέναι
335 2800 401 2839 καὶ
446 2800 510 2839 τα
560 2798 727 2849 γέρρα
771 2799 1028 2850 άναιρεῖν.
1092 2799 1222 2841 Recte
1254 2802 1554 2856 interpretatur
1585 2802 1720 2844 idem:

138 2868 224 2918 πρὶν
271 2869 430 2911 εἰσιέναι
461 2868 552 2916 τοὺς
587 2868 718 2918 ξένους
756 2869 825 2909 καὶ
861 2870 948 2921 πρὶν
982 2870 1234 2922 ἀναιρεθῆναι
1272 2871 1327 2912 τα
1360 2871 1718 2924 περιφράγματα,
