1946 3298
909 143 994 186 40¹7

158 270 318 321 χιλίους
351 269 518 312 ἔπεισαν
554 269 690 310 ἐκεῖνοι
723 272 895 318 κυρῶσαι
928 270 999 317 την
1033 270 1284 319 συμβουλήν.
1343 272 1626 314 Luculentum
1656 274 1735 314 im-

157 342 308 396 primis
340 344 401 382 est
432 340 724 381 testimonium
751 338 1000 381 Heraclidae
1031 339 1196 382 Pontici
1222 342 1269 382 de
1296 341 1464 395 Rebusp.
1493 357 1580 398 cap.
1599 344 1734 386 XXV.

160 410 370 451 πολιτείαν
413 410 454 451 δὲ
497 410 781 455 κατεςησαντο
824 410 874 460 (οἱ
905 410 1103 463 Ῥηγῖνοι)
1139 411 1463 463 άριςοκρατικην·
1494 414 1620 465 χίλιοι
1654 415 1736 467 γὰρ

160 480 300 522 πάντα
345 480 549 521 διοικοῦσιν
591 480 736 531 αἱρετοὶ
780 479 862 521 άπὸ
903 479 1170 530 τιμημάτων,
1218 482 1262 523 id
1305 486 1367 524 est
1413 497 1458 523 em
1501 484 1734 536 amplissimo

159 566 285 592 censu.
332 550 455 592 Nunc
481 564 581 593 vera
608 549 733 592 lectio
761 551 963 606 emergit:
991 549 1191 600 λεγόντων
1222 551 1265 601 ἐξ
1283 552 1414 593 αὐτῶν
1431 556 1507 593 τῶν
1526 559 1734 596 ΧΙΛΙΩΝ

158 620 357 662 Ἱππάσου
403 620 469 661 καὶ
517 619 721 672 Διοδώρου.
784 621 1005 675 Supererat
1045 621 1262 662 XssAIQN
1309 622 1522 677 (erssN
1553 623 1734 665 confusis

159 691 209 732 de
250 705 366 733 more
406 696 466 732 AI
510 692 551 732 et
591 691 649 747 N)
695 693 736 732 et
772 691 831 732 sic
865 690 914 731 de
946 690 1132 732 hominis
1163 690 1288 732 nihili
1320 693 1557 734 coniectura
1585 692 1736 745 χρόνων

157 764 308 802 natum
339 763 415 802 est.

217 898 266 940 In
308 899 331 953 ξ
373 897 473 942 258.
517 914 651 955 neque
694 899 887 941 συνέντων
931 904 1007 941 τῶν
1049 904 1208 942 πολλῶν
1252 901 1362 956 quod
1397 903 1442 942 in
1473 901 1520 943 F.
1551 901 1734 958 legitur,

156 982 290 1024 neque
322 969 513 1011 συνόντων
545 972 692 1012 sanum
725 974 799 1012 est.
849 969 1003 1012 Sensus
1036 973 1099 1012 est
1132 971 1350 1018 ἐκκλησίας
1384 971 1628 1022 γενομένης,
1663 973 1734 1015 sed

155 1053 207 1081 ne
239 1038 445 1082 συνιόντων
478 1041 649 1095 quidem
679 1041 903 1095 satisfacit,
934 1042 1032 1095 quia
1058 1041 1321 1083 συνελθόντων
1348 1042 1508 1083 dictum
1537 1045 1734 1098 oportuit.

215 1110 376 1152 Deinde
407 1113 641 1153 rectissime
673 1111 720 1153 F.
754 1112 906 1162 ἐπῆγεν
940 1109 1077 1163 ἅτερος
1114 1111 1249 1168 (alter)
1280 1126 1354 1168 pro
1388 1109 1529 1164 ἕτερος.

215 1181 267 1223 In
298 1183 350 1224 iis
383 1196 488 1237 quae
514 1182 789 1237 praecedunt:
823 1182 1078 1224 τοιούτων
1107 1181 1148 1223 δὲ
1177 1182 1309 1234 λόγων
1338 1184 1590 1236 μακροτέρων
1617 1184 1732 1236 παρα

156 1255 224 1293 τοῦ
267 1251 450 1298 Κύλωνος
485 1253 695 1305 ῥηθέντων,
727 1256 898 1308 apparet
931 1256 1026 1295 ante
1055 1252 1238 1295 τοιούτων
1273 1254 1474 1297 nonnulla
1506 1255 1730 1305 excidisse,

156 1336 237 1378 quo
268 1322 450 1364 τοιούτων
483 1323 749 1365 referebatur.

217 1391 419 1448 Sequitur
463 1392 796 1445 προσποιούμενος
841 1393 915 1444 μὲν
958 1391 1197 1442 ἐξητακέναι
1240 1394 1296 1435 τοὶ
1337 1399 1414 1436 τῶν
1456 1395 1734 1447 Πυθαγορείων

156 1462 388 1515 άπόρρητα,
434 1464 700 1515 περιπλακεὶς
742 1464 782 1505 δὲ
825 1463 892 1504 καὶ
936 1464 1161 1515 γεγραφὼς
1206 1463 1249 1512 ἐξ
1288 1462 1337 1505 ὧν
1379 1465 1544 1515 μάλιςα
1583 1466 1731 1514 αὐτοὺς

156 1533 314 1584 ἤμελλε
360 1534 620 1584 διαβάλλειν.
683 1534 732 1576 In
765 1534 811 1576 F.
845 1534 1003 1590 legitur
1035 1533 1293 1585 ἐζητηκέναι,
1328 1536 1399 1577 sed
1430 1538 1551 1578 unice
1582 1551 1731 1579 verum

155 1607 218 1645 est
248 1606 293 1645 in
325 1604 402 1646 tali
429 1619 473 1648 re
500 1604 763 1657 ἐξητακέναι,
790 1608 839 1646 ut
865 1605 998 1647 bonus
1026 1606 1221 1647 Arcerius
1248 1606 1379 1648 semel
1404 1621 1552 1650 verum
1578 1607 1734 1650 vidisse

153 1674 361 1717 videatur.
410 1676 459 1717 cf.
510 1677 532 1730 ξ
577 1675 677 1718 235.
729 1675 977 1732 (Dionysius)
1027 1675 1235 1728 διαρρήδην
1278 1674 1390 1718 εἶπεν
1433 1674 1492 1719 ὅτι
1532 1676 1732 1726 ἐξιέταςαι

153 1748 292 1787 ταῦτα
325 1745 513 1798 ἀκριβῶς.

214 1817 370 1859 Deinde
412 1830 485 1872 pro
529 1816 707 1859 absurdo
748 1816 1014 1868 περιπλακείς
1046 1818 1090 1858 in
1121 1817 1169 1860 F.
1205 1820 1268 1860 est
1297 1832 1397 1861 vera
1428 1818 1552 1860 lectio
1584 1814 1732 1861 ππλα-

154 1883 257 1937 κώς,
292 1888 336 1929 id
369 1892 430 1929 est
465 1889 702 1933 πεπλακώς.
766 1886 874 1938 Quia
906 1903 961 1928 ωσ
993 1888 1238 1942 compendio
1270 1890 1476 1944 scriptum
1508 1893 1571 1931 est
1598 1890 1733 1931 scriba

154 1951 186 2001 σει-
220 1961 374 2013 putans
417 1971 503 1999 esse
536 1973 622 2009 περι
656 1957 818 1999 addidit
849 1957 1052 2012 πλακείς,
1086 1959 1284 2012 quoniam
1317 1958 1571 2002 vocabulum
1604 1958 1732 2002 Grae-

153 2044 250 2072 cum
281 2029 326 2070 id
355 2032 430 2070 est.
483 2029 706 2082 Complexus
732 2028 815 2070 dici
841 2029 917 2070 ubi
944 2030 1173 2070 commentus
1200 2030 1428 2084 requiritur
1454 2043 1535 2072 non
1563 2033 1729 2080 curant,

151 2114 203 2142 ne
235 2101 422 2142 sentiunt
453 2099 638 2154 quidem.

211 2238 260 2281 In
302 2240 324 2294 ξ
367 2237 468 2280 259.
511 2239 583 2286 την
626 2239 753 2286 αὐτην
796 2237 951 2287 ταύτην
986 2239 1150 2289 γνώμην
1183 2239 1277 2290 ὑπὲρ
1309 2239 1545 2292 Πυθαγόρου
1577 2256 1730 2291 μεμνηο

151 2309 339 2361 μένΟΎΟ
371 2310 410 2350 ἐν
441 2308 572 2361 μέτρῳ
605 2309 697 2355 τοὺς
732 2309 923 2358 μαθητάς
959 2309 1111 2360 λέγειν.
1173 2310 1492 2367 Negligentiore
1529 2313 1730 2368 composi-

151 2382 264 2423 tione
304 2381 467 2422 dixerat
507 2379 814 2430 μεμνημὲνΟΟ.
879 2379 1019 2422 Ninon
1062 2381 1149 2435 ipse
1182 2380 1337 2422 dicitur
1367 2383 1611 2424 meminisse
1643 2382 1729 2438 Py-

151 2451 372 2508 thagoreos
402 2451 464 2492 ita
497 2454 663 2492 cantare
694 2449 850 2492 solitos.

210 2520 260 2563 In
290 2522 392 2576 ipsis
422 2521 642 2564 versiculis
674 2534 763 2563 sero
798 2534 822 2562 a
852 2522 990 2563 nescio
1023 2535 1102 2577 quo
1135 2521 1343 2564 conflatis:

331 2591 422 2638 τοὺς
455 2591 527 2641 μὲν
562 2591 738 2642 ἑταίρους
773 2588 871 2641 ἦγεν
903 2590 984 2633 ἴσον
1016 2592 1250 2644 μακάρεσσι
1283 2593 1421 2634 θεοῖσι·

330 2661 422 2709 τοὺς
456 2662 489 2703 δ’
522 2659 672 2708 ἄλλους
709 2662 840 2711 ἡγεῖτ’
876 2661 959 2704 οὔτ’
994 2663 1032 2704 ἐν
1063 2662 1172 2716 λόγῳ
1206 2663 1290 2705 οὔτ’
1324 2664 1363 2704 ἐν
1396 2664 1561 2716 άριθμῷ.

151 2731 196 2772 in
234 2733 369 2786 priore
410 2731 641 2788 legendum
683 2729 783 2782 ἦγεν
825 2730 999 2784 ἴσΟΤΟ,
1038 2736 1088 2775 ut
1119 2734 1250 2784 τίμιον
1283 2731 1400 2784 άγειν
1431 2733 1523 2775 τινά
1556 2734 1722 2777 dicitur.

150 2800 200 2842 In
221 2802 398 2844 secundo
424 2802 723 2845 obversabatur
742 2806 950 2858 poetastro
968 2804 1186 2846 oraculum
1202 2804 1522 2861 Megarensibus
1539 2805 1721 2848 editum:

275 2873 389 2923 ὑμεῖς
421 2872 468 2923 δ’,
503 2871 530 2915 ὦ
562 2873 961 2926 Μεγαρῆες-οὔτ’
995 2875 1034 2917 ἐν
1068 2874 1176 2929 λόγῳ
1210 2874 1294 2917 οὔτ’
1329 2876 1367 2916 ἓν
1400 2875 1564 2930 άριθμῷ.
