1946 3298
969 132 1021 183 ¹71

211 262 257 306 in
289 263 481 321 margine
514 261 742 318 ἄρχοντας,
777 263 886 319 quod
908 266 1002 320 post
1029 265 1160 306 αὐτῶν
1187 266 1231 307 in
1258 266 1424 307 textum
1448 266 1628 322 irrepsit.
1679 264 1777 308 Sine

210 333 305 376 labe
336 336 468 377 evasit
498 332 618 377 Tom.
649 333 696 375 Π.
734 343 830 390 pag.
865 333 964 376 142.
999 334 1021 383 ἢ
1056 334 1277 388 πέμψομεν
1309 337 1445 383 αὐτοῖς
1479 335 1684 388 ἀρμοςάς;

271 472 375 529 Pag.
423 471 522 515 557.
565 473 582 513 ὂ
624 471 772 523 κόσμος
813 470 915 520 οἶκός
958 473 1018 517 ἕςι
1063 472 1169 516 πάνυ
1211 473 1336 521 καλός
1379 490 1424 515 τε
1466 474 1534 516 καὶ
1568 475 1665 521 θεῖος
1701 473 1775 515 ὑπὸ

213 543 305 584 θεῶν
332 542 708 592 κατεσκευασμένος
737 540 865 595 ὥσπερ
894 543 969 584 ὑπὸ
997 548 1073 585 τῶν
1102 543 1368 599 εὐδαιμόνων,
1395 545 1456 600 [τε
1474 544 1543 586 καὶ
1562 543 1776 598 πλουσίων]

214 613 470 663 καλουμένων
502 614 646 665 ἀνδρῶν
680 619 902 661 ΟΤΟτινας
936 614 1081 666 ὁρῶμεν
1113 614 1529 665 κατεσκευασμένους.
1591 613 1781 656 Emenda

213 683 432 733 ἀνδρῶνΑΟ
464 699 575 730 τινας
603 684 747 736 ὁρῶμεν
776 687 818 726 et
844 699 1036 741 expunge
1063 701 1108 727 τε
1137 685 1204 727 καὶ
1234 686 1455 735 πλουσίων,
1485 689 1534 726 ut
1562 699 1658 740 pag.
1679 682 1780 724 553.

214 752 321 794 οὐδὲν
379 751 549 795 ἔλαττον
606 755 848 796 κακοπαθεῖν
879 779 932 786 -
960 756 1053 802 τοὺς
1097 756 1340 806 εὐδαίμονας
1388 754 1656 806 καλουμένους
1704 757 1781 794 τῶν

213 823 407 871 πενήτων.

273 893 398 936 Plebs
434 894 626 937 homines
658 895 810 937 divites
841 897 882 936 et
914 894 1131 950 opulentos
1157 901 1377 951 tamquam
1405 896 1512 938 Deos
1539 893 1780 944 εὐδαίμονας

215 963 423 1019 appellare
462 964 634 1007 solebat.
686 962 749 1007 Of.
793 964 914 1006 Tom.
947 965 1006 1006 ΙΙ.
1042 979 1137 1022 pag.
1173 965 1273 1008 384.
1313 965 1559 1018 ἀρξαμένους
1592 964 1672 1006 ἀπὸ
1706 966 1781 1005 τῶν

214 1035 412 1076 πλουσίων
445 1035 491 1084 δη
525 1035 593 1076 καὶ
626 1035 836 1087 μακαρίων
869 1035 1104 1086 δοκούντων,
1131 1034 1194 1083 οὓς
1222 1035 1335 1077 αὐτοὶ
1361 1035 1523 1088 ζηλοῦσι
1549 1035 1617 1077 καὶ
1645 1033 1783 1086 μικρὸν

213 1103 416 1157 διαφέρειν
448 1103 593 1147 οἴονται
625 1109 701 1146 τῶν
734 1105 825 1147 θεῶν
867 1104 1223 1157 εὐδαιμονίας
1272 1104 1466 1148 ἕνεκεν.

272 1244 336 1286 Ex
377 1245 568 1287 convivio
610 1243 868 1294 temulento,
910 1247 1050 1300 inquit
1090 1259 1187 1302 pag.
1231 1244 1329 1286 563.
1363 1245 1395 1287 οἱ
1428 1244 1502 1295 μὲν
1534 1242 1679 1286 ἄσωτοι
1713 1242 1781 1285 καὶ

215 1315 406 1366 ἀκρατεῖς
452 1315 526 1356 ὑπὸ
570 1319 645 1356 τῶν
680 1315 1103 1358 ἀκολουθΟΤΝΤΩΝ
1136 1313 1321 1357 ἕλκονται
1353 1316 1421 1357 καὶ
1455 1316 1663 1367 σύρονται,
1697 1316 1785 1357 imo

212 1398 310 1427 vero
354 1399 378 1427 a.
425 1386 510 1426 suis
548 1385 817 1441 pedissequis,
868 1386 943 1427 ὑπὸ
991 1391 1066 1427 τῶν
1112 1387 1391 1427 ἀκολούθΩΝ.
1456 1385 1690 1431 Ἀκόλουθος
1738 1398 1785 1427 eo

213 1469 336 1497 sensu
376 1455 567 1510 frequens
610 1456 721 1510 apud
762 1455 931 1497 Veteres
973 1456 1131 1512 legitur
1172 1456 1283 1511 apud
1325 1456 1503 1497 Dionem
1554 1455 1674 1497 Tom.
1723 1453 1780 1495 ΙΙ.

212 1539 308 1582 pag.
345 1523 415 1567 ¹7¹7.
448 1526 514 1566 τὸν
546 1523 667 1566 ἵππον
694 1527 747 1577 τῷ
778 1525 978 1578 ἀκολούθῳ
1007 1525 1231 1577 παραδούς,
1262 1529 1303 1567 et
1329 1525 1447 1567 Tom.
1478 1525 1532 1567 II.
1562 1539 1659 1581 pag.
1683 1523 1782 1565 159.

212 1595 314 1646 μηδὲ
361 1594 572 1637 ἀκόλουθον
619 1593 687 1637 ἕνα
734 1599 832 1646 γοῦν
878 1595 1147 1647 ἐπαγόμενος.
1224 1595 1500 1637 Insimulatur
1545 1595 1784 1637 Alcibiades

212 1666 324 1721 apud
363 1666 642 1708 Plutarchum
679 1668 723 1708 in
765 1668 855 1709 Vita
895 1680 985 1722 cap.
1029 1666 1103 1708 ΙΠ.
1147 1663 1206 1707 ὅτι
1239 1671 1315 1708 τῶν
1347 1667 1662 1708 ἀκολουθούντων
1693 1665 1784 1706 τινα

212 1738 378 1779 κτείνειε
421 1736 528 1790 ξύλῳ
573 1735 795 1788 πατάξας,
829 1737 900 1779 sed
932 1751 1031 1780 vera
1061 1737 1185 1779 lectio
1218 1740 1279 1779 est
1310 1741 1386 1778 τῶν
1419 1736 1702 1790 ἀκολούθΩΝ,
1736 1739 1786 1777 ut

212 1809 256 1849 in
296 1807 487 1850 Platonis
532 1808 718 1850 Convivio
758 1821 858 1864 pag.
893 1806 1051 1849 2124st
1085 1805 1202 1858 ἄγειν
1235 1806 1297 1850 οὖν
1329 1808 1451 1849 αὐτὸν
1487 1806 1784 1862 (Alcibiadem)

212 1878 325 1931 παρα
368 1881 482 1932 σφάς
514 1880 586 1928 τη’ν
618 1895 664 1921 τε
695 1878 920 1931 αὐλητρίδα
954 1878 1245 1929 ὑπολαβοῦσαν
1278 1877 1346 1919 καὶ
1380 1877 1531 1924 ἄλλους
1563 1877 1675 1923 τινας
1708 1880 1784 1917 τῶν

211 1949 449 1992 ἀκολούθων.

271 2089 320 2133 In
360 2090 507 2133 Dionis
549 2089 753 2131 Rhodiaca
793 2102 891 2146 pag.
936 2087 1035 2130 565.
1080 2088 1150 2130 ἕάν
1191 2089 1231 2131 δὲ
1273 2090 1323 2136 ὣς
1361 2085 1438 2131 οἷόν
1469 2105 1515 2130 τε
1551 2088 1659 2144 [καὶ]
1694 2087 1781 2141 περὶ

212 2162 386 2213 μεγίςου
429 2160 676 2213 πράγματος
725 2161 859 2216 (φανῶ
902 2158 1064 2212 λέγων).
1129 2158 1345 2202 Sententia
1386 2164 1427 2202 et
1472 2173 1574 2202 usus
1619 2159 1784 2201 dicendi

211 2235 413 2288 respuunt
441 2231 523 2274 καί.

271 2370 376 2428 Pag.
420 2369 519 2412 566.
563 2370 699 2411 οὐκοῦν
733 2367 919 2426 [ἄτοπον]
957 2370 990 2410 εἷ
1020 2369 1094 2419 μὲν
1127 2368 1315 2422 ἀργύριόν
1345 2385 1405 2417 τις
1441 2370 1535 2421 ὑμῖν
1567 2370 1779 2424 ἐχαρίζετο

212 2440 293 2495 ἀφ’
341 2442 483 2483 ἑαυτοῦ
527 2439 634 2489 ξένος
680 2440 700 2488 ἢ
745 2439 926 2489 μέτοικος
968 2444 1107 2482 τοῦτον
1145 2440 1218 2490 μὲν
1250 2441 1318 2482 οὐκ
1352 2439 1401 2481 ἂν
1438 2441 1599 2491 ἡγεῖσθε
1631 2442 1780 2494 περίερ-

212 2527 282 2562 γον
308 2535 387 2560 -,
416 2509 762 2561 συμβουλεύοντος
793 2509 833 2551 δέ
862 2525 899 2551 τι
927 2514 1003 2551 τῶν
1028 2510 1236 2562 χρησίμων
1261 2510 1542 2563 δυσχερές-ερον
1561 2512 1779 2554 ἀκούσεσθε

211 2579 251 2630 ὃς
283 2583 333 2624 ἂν
364 2581 422 2631 μη
456 2582 564 2635 τύχη
596 2581 752 2629 κληθεὶς
787 2580 808 2629 ἢ
844 2582 900 2631 μη
933 2581 1102 2630 πολίτης
1136 2580 1323 2635 ὐπάρχης
1356 2581 1459 2623 Dele
1491 2580 1642 2623 ἄτοπον
1669 2583 1779 2638 quod

208 2653 346 2694 nescio
388 2653 481 2707 quis
520 2653 564 2693 in
606 2652 797 2707 margine
828 2651 1047 2706 adscripsit
1077 2653 1119 2693 et
1149 2651 1260 2693 male
1290 2653 1334 2692 in
1365 2654 1531 2693 textum
1563 2656 1779 2708 receptum

210 2736 378 2765 omnem
409 2722 492 2765 loci
524 2722 867 2777 compositionem
900 2722 1114 2777 pervertit.

270 2861 371 2905 Post
401 2875 532 2918 pauca
566 2875 660 2917 pag.
694 2859 794 2905 567.
831 2860 972 2914 νομίζω
1007 2860 1041 2903 δ’
1074 2858 1208 2912 ἔγωγε
1233 2886 1287 2891 -
1313 2860 1522 2913 προσήκειν
1545 2885 1601 2891 -
1624 2859 1778 2913 μηδένα
