1946 3298
967 181 1053 225 114

223 325 366 357 omnes
397 310 703 367 exspectabant.
750 308 1000 368 Legendum
1030 310 1165 367 igitur
1190 307 1282 355 τοὺς
1310 305 1647 361 μαχΟΥμένους.
1697 308 1796 350 Per-

223 387 417 440 stequens
447 385 509 425 est
539 382 618 424 hoc
650 381 794 424 mendi
825 395 972 439 genus.

283 536 389 592 Pag.
442 532 543 575 612.
587 531 656 573 15.
704 531 746 573 τί
791 528 854 572 οὖν
896 530 941 579 δη
985 530 1112 580 δοκεῖς
1156 529 1352 580 κλαίομεν
1390 530 1410 578 ἢ
1444 528 1646 580 λέγομενς
1681 531 1797 574 Dicti

223 606 429 651 sententia
458 603 775 646 coniunctivum
807 600 1016 657 postulat:
1051 601 1279 651 κλαίΩμεν
1313 600 1334 650 ἢ
1368 599 1596 652 λέγΩμεν;

279 756 481 800 Libanius
521 752 554 795 I.
602 750 702 795 615.
746 751 816 794 21.
863 749 1000 802 ἔγωγε
1042 748 1245 798 πολλάκις
1289 750 1509 801 ἐθαύμασα
1549 754 1619 793 τοῦ
1654 750 1796 800 Μήδου

220 835 315 873 ὨΟ
347 827 473 879 παρὸν
506 824 632 866 πλείω
660 823 810 874 λαβεῖν
838 824 906 866 οὐκ
935 821 1138 871 ἠθέλησεν.
1190 821 1396 864 Dicebant
1422 820 1573 865 Graeci
1600 821 1794 875 θαυμάζω

219 902 308 948 Πῶς
344 901 417 941 aut
445 895 619 951 “0qu‚
651 895 772 937 miror
804 910 876 950 quo
900 899 1031 949 pacto.

278 1051 385 1107 Pag.
419 1047 515 1090 616.
555 1045 623 1088 12.
658 1045 679 1095 ἡ
707 1044 880 1093 τελευτὴ
906 1047 975 1086 τοῦ
1003 1047 1143 1086 ταῦτα
1172 1042 1256 1099 (ἂν)
1288 1042 1592 1095 ἀνατρέψαντος
1622 1045 1678 1091 εἷς
1704 1046 1796 1093 τοὺς

218 1121 450 1172 πολεμίους.
514 1117 667 1160 Reiske
709 1116 759 1158 ἄν
795 1116 844 1158 de
877 1129 951 1158 suo
984 1115 1161 1157 addidit.
1229 1113 1387 1157 Melius
1421 1119 1509 1158 erat
1541 1130 1670 1158 unam
1702 1117 1798 1160 lite-

215 1193 354 1238 rulam
386 1190 522 1233 delere
554 1193 595 1231 et
626 1189 685 1230 sic
716 1187 916 1229 scribere:
951 1189 1020 1228 τοῦ
1055 1186 1178 1227 ταῦτ’
1207 1184 1308 1228 ”AN
1339 1186 1594 1239 Τρέψαντος,
1643 1187 1797 1244 Perpe-

215 1269 341 1307 tuum
374 1265 435 1304 est
467 1275 514 1304 eo
547 1273 671 1302 sensu
702 1257 883 1314 simplex
914 1256 1071 1310 τρέπειν
1104 1260 1145 1299 et
1178 1257 1231 1304 εἷς
1267 1257 1338 1308 ἐμὲ
1369 1257 1588 1310 τράποιτο,
1624 1263 1665 1301 et
1697 1261 1793 1302 sim.

278 1415 384 1473 Pag.
419 1411 519 1455 619.
557 1410 624 1453 14.
658 1410 740 1452 duo
772 1408 902 1452 simul
933 1408 1166 1464 loquuntur
1196 1409 1241 1450 in
1272 1409 1338 1451 his
1369 1409 1532 1452 verbis:
1566 1409 1599 1451 οἱ
1633 1409 1673 1452 δὲ
1702 1410 1796 1461 ἧμι-

220 1485 377 1531 τέλεςοι
411 1483 516 1538 (νεῲ)
548 1482 679 1534 γέλως
709 1482 825 1525 ἓςοῖσι
857 1478 1118 1537 [Χριςιανοῖς]
1150 1484 1234 1525 τοῖς
1261 1486 1434 1532 μιαροῖς.
1484 1480 1688 1523 Libanius
1713 1486 1796 1530 τοῖς

217 1561 374 1611 μιαροῖς
410 1555 595 1608 dixerat,
628 1552 780 1595 deinde
811 1553 948 1594 nescio
981 1552 1073 1607 quis
1106 1555 1329 1603 Χριςιανοῖς
1362 1551 1595 1607 adscripsit.

275 1710 382 1766 Pag.
425 1706 525 1749 621.
567 1704 610 1749 ’7.
655 1706 879 1761 postquam
918 1703 1108 1746 Iulianus
1139 1705 1371 1746 immatura
1401 1717 1501 1746 nece
1537 1706 1682 1760 raptus
1715 1709 1796 1761 est,

216 1784 237 1831 ἡ
267 1785 323 1833 γῆ
342 1805 397 1812 -
415 1775 664 1830 προσηκούσῃ
691 1779 810 1830 κουρᾷ
838 1774 906 1817 τὸν
929 1773 1052 1827 άνδρα
1077 1775 1268 1825 ἐτίμησεν
1285 1774 1588 1825 άποσεισαμένη
1609 1775 1793 1828 καθάπερ

214 1851 335 1899 ἵππος
364 1847 582 1901 άναβάτην
610 1845 748 1894 πόλεις
776 1846 899 1893 τόσας
929 1845 997 1888 καὶ
1027 1845 1167 1893 τόσας.
1186 1849 1415 1887 -κεῖνται
1444 1846 1518 1896 μὲν
1547 1847 1590 1888 αἱ
1619 1845 1792 1897 μέγιςαι

216 1921 685 1968 ΟΙΚΕλίας,-κεῖται
727 1917 768 1960 δὲ
812 1918 833 1967 ἦ
877 1918 983 1966 καλη
1025 1917 1199 1959 Νίκαια.
1262 1916 1384 1959 Nihil
1415 1920 1478 1959 est
1509 1917 1578 1959 hic
1620 1915 1791 1961 Siciliae

211 1995 316 2046 loci;
351 1993 511 2036 vicinas
544 1990 679 2032 clades
711 1991 753 2032 et
783 1989 1028 2031 vastitatem
1057 1988 1260 2031 Libanius
1294 1992 1723 2045 commemoraverat,
1750 1993 1799 2032 ut

211 2069 257 2109 in
288 2064 434 2109 eodem
468 2064 718 2119 argumento
749 2059 783 2103 Ι.
818 2059 887 2102 91.
923 2059 961 2102 6.
996 2059 1152 2110 σεισμοὶ
1188 2058 1341 2102 πόλεων
1375 2063 1451 2101 τῶν
1485 2060 1524 2101 ἐν
1556 2065 1605 2114 τῇ
1634 2067 1797 2103 Παλαι-

212 2137 298 2191 ςίνη
329 2135 398 2179 καὶ
433 2133 574 2188 Συρία.
621 2132 770 2188 Itaque
801 2145 884 2174 non
914 2132 1171 2188 infrequenti
1203 2144 1339 2173 errore
1368 2130 1562 2178 Σικελίας
1589 2132 1795 2187 scriptum

215 2211 277 2252 est
307 2220 381 2264 pro
412 2204 652 2251 ΚΙΛΙΚιάς.

275 2368 378 2425 Pag.
416 2365 518 2409 621.
557 2363 624 2406 15.
657 2366 882 2420 postquam
914 2363 963 2406 de
995 2366 1129 2406 terrae
1160 2362 1347 2404 motibus
1379 2364 1474 2418 post
1500 2361 1657 2404 Iuliani
1683 2377 1795 2406 mor-

214 2443 302 2482 tem
346 2438 531 2485 dixerat,
571 2437 634 2478 ita
669 2435 832 2491 pergit:
874 2438 1014 2477 ταῦτα
1057 2434 1168 2486 αὐτῷ
1213 2433 1326 2484 παρα
1359 2437 1431 2481 τῆς
1467 2437 1546 2484 γῆς
1567 2458 1643 2483 -,
1678 2435 1793 2487 παρὰ

216 2510 257 2553 δὲ
300 2505 351 2551 αὖ
384 2512 459 2550 τῶν
492 2509 624 2559 Ὡρῶν
655 2505 766 2556 λιμοὶ
801 2504 868 2547 καὶ
901 2505 1047 2556 λοιμοί.
1110 2503 1318 2547 Mendum
1351 2507 1414 2546 est
1445 2505 1489 2546 in
1520 2506 1645 2555 ὡρῶν,
1677 2519 1792 2548 nam-

216 2595 296 2638 que
338 2581 380 2622 αἱ
423 2575 517 2631 ὧραι
559 2591 692 2633 neque
729 2576 904 2626 famem,
947 2590 1081 2632 neque
1112 2574 1399 2631 pestilentiam
1431 2589 1573 2631 parere
1604 2580 1790 2631 possunt.

215 2650 464 2709 Legendum
506 2650 582 2690 τῶν
624 2646 792 2700 Ἀέρων,
835 2650 883 2689 ut
924 2660 1045 2702 saepe
1083 2649 1127 2688 in
1159 2660 1208 2688 ea
1238 2660 1283 2688 re
1314 2648 1348 2688 οἱ
1382 2646 1494 2698 άέρες
1529 2647 1639 2702 apud
1671 2646 1793 2690 Liba-

214 2724 336 2765 nium
380 2721 577 2762 dicuntur
619 2723 742 2760 νοσεῖν
786 2720 827 2760 et
867 2719 926 2759 sic
968 2731 1167 2774 agrorum
1211 2717 1481 2760 sterilitatem
1516 2717 1718 2772 (αὐχμόν)
1751 2723 1793 2760 et

215 2794 374 2836 famem
414 2794 456 2832 et
496 2789 767 2845 pestilentem
798 2788 996 2831 morbum
1029 2789 1182 2831 afferre.
1246 2787 1366 2830 Tom.
1400 2787 1472 2830 III.
1510 2786 1612 2830 436.
1651 2788 1717 2830 10.
1751 2790 1793 2832 τί

215 2864 299 2917 γάρ
336 2862 357 2911 ἢ
391 2860 580 2904 πλέουσιν
612 2860 767 2912 ἀγαθὸν
801 2858 1112 2911 ἐναντιουμένων
1145 2858 1388 2912 πνευμάτων
1422 2859 1443 2909 ἢ
1478 2860 1679 2912 σπείρουσι
1713 2866 1791 2912 γῆν

216 2934 428 2979 νοσούντων
461 2931 605 2984 ἀέρων;
