1946 3298
894 171 950 213 28

138 303 266 345 niturv
332 300 528 358 Agedum
560 310 816 354 opponamus
849 295 916 336 his
948 295 1127 337 testibus
1159 294 1388 335 sexcenties
1419 294 1464 334 in
1500 288 1717 333 mendacio

140 372 403 428 deprehensis
436 370 538 412 alios
565 369 690 424 longe
720 366 927 422 longeque
960 366 1198 419 antiquores
1229 366 1270 404 et
1307 362 1524 404 fideliores.
1587 361 1720 403 Hera·

140 443 268 486 clides
309 441 437 497 (apud
478 438 752 482 Eustathium
794 437 845 478 ad
888 434 1117 491 Odysseam
1158 447 1255 489 pag.
1290 432 1418 474 1946.
1448 432 1521 489 28)
1556 434 1600 473 in
1631 447 1719 474 me-

141 515 261 556 dium
293 512 476 568 prodeat.
526 511 558 551 οἱ
591 507 769 550 Ἀττικοὶ
806 506 974 563 (inquit)
1010 505 1100 550 τοὺς
1130 503 1328 550 τοιούτους
1364 503 1717 555 ὑπερσυντελικοὺς

142 586 180 626 ἐν
221 584 275 636 τῷ
321 579 398 630 ἦτα
441 580 543 632 μόνῳ
586 580 825 630 περατοῦσιν
870 576 959 628 ἤδη
1005 574 1194 624 λέγοντες
1239 573 1305 614 καὶ
1351 574 1600 622 ε’νενοηκη
1651 572 1718 614 καὶ

142 653 451 701 ἐπεποιήκη.
495 649 562 692 καὶ
607 647 704 690 οὕτω
750 646 850 699 φησὶ
892 645 1108 692 Παναίτιος
1143 644 1254 697 ἔχειν
1282 644 1359 691 τοὶς
1394 643 1566 697 γραφὰς
1601 643 1714 695 παρὰ

141 725 346 768 Πλάτωνι.
411 721 492 763 Sed
532 718 776 761 Heraclides
821 717 988 773 (merito
1031 716 1184 757 dixerit
1231 714 1399 771 aliquis)
1450 718 1491 756 et
1537 716 1720 755 incertae

142 797 290 837 aetatis
333 796 394 835 est
437 794 479 833 et
519 789 657 831 multa
697 786 875 828 mirifica
917 790 958 827 et
999 785 1261 827 incredibilia
1305 785 1454 839 refert,
1487 788 1536 826 ut
1567 786 1611 825 in
1642 784 1721 826 hoc

141 868 231 921 ipso
263 865 353 907 loco
387 863 532 904 statim
563 862 703 901 narrat
733 857 892 899 multos
924 871 1011 898 esse
1043 858 1115 911 qui
1150 856 1242 909 ᾕδην
1275 856 1459 898 dicerent
1491 859 1531 898 et
1575 855 1722 903 ἐνενοή-

143 954 213 984 κην
257 939 298 977 et
343 932 608 984 ἐπεποιηκην,
652 929 761 984 quod
793 927 948 969 falsum
981 930 1055 968 est.
1119 927 1265 982 Neque
1298 927 1407 982 quod
1440 926 1490 968 de
1521 926 1722 968 Panaetio

144 1007 290 1049 scribit
335 1004 444 1045 mihi
490 1001 537 1042 fit
582 999 790 1042 credibile.
881 997 998 1040 Haec
1045 997 1271 1039 Panaetius
1320 997 1491 1039 curabat
1536 994 1720 1038 scilicet!

143 1077 379 1119 Producam
410 1075 544 1130 igitur
577 1071 757 1113 alterum
785 1068 1026 1118 meliorem,
1054 1067 1239 1110 nobilem
1267 1068 1478 1115 αττικιςην
1506 1066 1721 1109 Hadriano

145 1147 360 1203 aequalem
402 1143 572 1185 Aelium
609 1141 881 1196 Dionysium,
915 1141 1033 1180 cuius
1066 1139 1242 1180 Ἀττικοὶ
1277 1137 1460 1188 ὀνόματα
1493 1139 1536 1178 in
1568 1137 1722 1179 Lexico

144 1219 369 1265 Photiano,
400 1218 441 1256 et
472 1213 567 1254 inde
601 1214 742 1253 sumta
773 1210 883 1265 apud
911 1208 1087 1251 Suidam
1120 1211 1208 1251 sine
1234 1210 1415 1251 auctoris
1445 1210 1614 1250 nomine
1646 1209 1722 1249 cir-

147 1289 447 1331 cumferuntur.
513 1282 624 1324 Aelii
665 1281 860 1337 Dionysii
899 1280 948 1322 de
981 1294 1028 1322 ea
1068 1294 1112 1321 re
1157 1280 1462 1321 animadversio
1503 1281 1548 1320 in
1585 1282 1723 1334 partes

147 1360 322 1401 dissecta
370 1360 410 1397 et
457 1353 656 1395 mutilata
697 1354 742 1393 in
784 1352 849 1392 his
891 1351 1037 1393 Photii
1076 1350 1180 1392 locis
1222 1350 1349 1392 latet:
1399 1349 1628 1402 Ἑωροὲκη
1677 1349 1722 1390 τὸ

145 1433 294 1480 πρῶτον
327 1427 533 1479 πρόσωπον
564 1426 613 1469 ὡς
658 1422 926 1469 ἐπεπόνθη
971 1421 1038 1462 καὶ
1086 1422 1386 1469 ἐπεποιηκη
1431 1421 1498 1462 καὶ
1544 1420 1634 1474 ἤδη
1677 1418 1721 1460 τὸ

146 1500 271 1553 ζνζδειν.
305 1496 480 1539 Πλατων
511 1500 590 1541 τοῖς
626 1495 814 1540 τοιούτοις
846 1497 1000 1544 χρῆται
1030 1494 1356 1543 σχηματισμοῖς.
1404 1494 1444 1533 et
1482 1490 1606 1532 alibi:
1641 1489 1720 1549 Καὶ

145 1570 190 1612 τὸ
233 1569 320 1622 ἤδη
366 1567 454 1609 ἀντὶ
500 1568 568 1607 τοῦ
608 1565 710 1617 ᾔδειν
742 1564 810 1605 καὶ
845 1563 888 1604 τὸ
932 1561 1199 1611 ἐπεπόνθη
1243 1562 1332 1604 οέντὶ
1363 1565 1432 1603 τοῦ
1467 1551 1721 1615 ἐπεπόνθειν,

145 1644 187 1683 et
226 1640 349 1681 tertio
394 1637 482 1679 loco
518 1635 668 1683 ’Ήιδη
717 1634 806 1675 ἀντὶ
851 1637 919 1675 τοῦ
964 1634 1081 1687 ᾔδειν.
1144 1633 1403 1684 Εὐθύδημος·
1438 1632 1505 1674 καὶ
1540 1633 1617 1673 τῶν
1650 1631 1720 1679 δή.

146 1711 231 1762 περὶ
277 1712 438 1760 ψυχῆς·
484 1707 598 1748 ἄλλα
644 1706 789 1757 σχεδὸν
832 1705 907 1754 μέν
946 1722 983 1746 τι
1019 1705 1088 1753 ἤδη
1124 1705 1140 1746 0‘
1175 1705 1336 1756 Κρίτων,
1405 1702 1517 1745 Satis
1549 1703 1628 1744 erit
1659 1700 1722 1743 ul-

146 1783 251 1822 tima
293 1778 521 1821 emendare.
589 1776 839 1831 Scripserat:
874 1775 1129 1826 Εὐθύδημος·
1167 1781 1323 1816 ΚΑΓΩ
1359 1780 1495 1815 ΗΙΔΗ
1531 1773 1629 1830 (γὰρ
1662 1769 1720 1813 ὅτι

145 1850 190 1900 ἐξ
222 1852 351 1891 αὐτῶν
385 1847 510 1889 καλόν
541 1864 578 1888 τι
614 1846 896 1902 ἀνακύψοιτο).
931 1846 1017 1898 περὶ
1051 1851 1218 1899 ψυχῆς·
1256 1845 1372 1886 ἄλλα
1405 1844 1550 1896 σχεδὸν
1583 1842 1657 1894 μέν
1684 1858 1722 1884 τι

147 1922 239 1975 ἤδη,
275 1919 388 1976 (ἔφη)
425 1920 440 1960 ὁ
475 1918 637 1969 Κρίτων.
701 1917 985 1972 Descripserat
1016 1918 1157 1959 locum
1191 1931 1241 1959 ex
1271 1917 1442 1972 Erctlcycl.
1477 1930 1516 1971 p.
1549 1913 1649 1956 302.
1684 1929 1721 1955 a.

147 1997 188 2034 et
235 2006 285 2033 ex
331 1990 538 2032 Phaedone-
582 2003 679 2044 pag.
729 1987 798 2029 63.
836 2004 866 2029 e.
943 1986 1052 2030 Cum
1099 1988 1177 2029 hoc
1224 1987 1440 2029 luculento
1482 1986 1724 2027 testimonio

145 2074 442 2116 componamus
482 2074 591 2100 nunc
633 2063 791 2100 nostras
833 2059 1112 2100 membranas.
1175 2058 1224 2099 In
1255 2059 1494 2113 Euthydemo
1529 2061 1591 2098 est
1624 2056 1721 2110 ἤδη,

146 2136 189 2176 in
230 2133 436 2174 Phaedone
466 2130 727 2172 Bodleianus,
749 2134 789 2170 et
820 2130 972 2184 reliqui
1005 2144 1147 2171 omnes
1181 2129 1378 2170 exhibent
1411 2128 1557 2181 σχεδὸν
1589 2127 1663 2176 μέν
1685 2143 1722 2168 τι

149 2205 265 2257 ᾔδειν,
333 2202 443 2253 Quid
482 2198 654 2241 Editor?
698 2214 720 2241 a
767 2200 918 2242 Photio
966 2204 1182 2255 acceptum
1234 2200 1304 2252 ἤδη
1354 2201 1522 2254 recepit.
1588 2197 1723 2249 Quam

148 2276 381 2316 constanter
411 2285 519 2312 nunc
550 2284 631 2312 non
662 2270 840 2324 disputo.
890 2270 1006 2312 Idem
1036 2271 1150 2312 enim
1176 2269 1318 2325 paullo
1346 2273 1441 2310 ante
1468 2283 1564 2325 pag.
1595 2267 1664 2309 60.
1682 2269 1720 2309 d.

146 2345 320 2386 retinuit
353 2342 495 2394 ᾔδειν
529 2342 609 2392 γαρ
643 2339 701 2381 ἔτι
734 2342 774 2382 οὐ
808 2342 935 2395 ῥᾴδιον
969 2341 1041 2389 εἴη.
1093 2340 1173 2383 Sed
1208 2344 1280 2382 aut
1312 2341 1390 2382 hoc
1418 2342 1592 2381 testium
1622 2340 1723 2381 satis

148 2418 210 2456 est
243 2415 306 2469 (ut
336 2412 409 2454 ille
442 2412 620 2465 dicebat)
656 2415 728 2452 aut
760 2414 896 2453 nescio
931 2413 1031 2466 quid
1057 2414 1112 2453 sit
1141 2413 1254 2453 satis.
1305 2409 1579 2466 Compertum
1608 2412 1722 2452 enim

148 2486 206 2526 Sic
248 2484 348 2524 satis
390 2496 475 2523 esse
517 2483 693 2523 arbitror
733 2482 940 2523 Platonem.
972 2498 1117 2540 semper
1150 2487 1185 2523 et
1220 2483 1360 2537 ubique
1379 2482 1534 2536 formis
1565 2482 1608 2522 in
1643 2505 1666 2512 -
1687 2486 1721 2522 H

147 2553 372 2596 meantibus
414 2567 491 2592 esse
532 2567 663 2601 usam,
708 2566 885 2606 quarum
926 2553 1032 2594 bona
1065 2567 1159 2608 pars
1195 2554 1239 2593 in
1271 2551 1499 2594 Bodleiano
1533 2555 1574 2593 et
1607 2551 1723 2593 Pari-

149 2627 238 2667 sino
270 2631 305 2665 A
335 2622 436 2664 tulit
467 2625 668 2671 aetatem,
702 2621 862 2676 reliqua
894 2637 916 2664 a
943 2623 1084 2665 stultis
1113 2624 1412 2665 correctoribus
1440 2622 1490 2664 de
1517 2622 1725 2664 industria

150 2696 373 2750 depravata
415 2706 500 2734 esse
543 2696 584 2734 et
624 2694 668 2732 in
715 2694 898 2747 antiquis
934 2693 1077 2743 libris,
1112 2694 1222 2735 unde
1254 2695 1384 2735 nostri
1415 2693 1647 2743 fluxerunt,
1683 2695 1725 2734 et

148 2767 192 2807 in
223 2763 276 2805 iis
307 2764 408 2818 ipsis
440 2776 540 2817 quos
572 2763 790 2803 habemus.

209 2835 256 2875 In
292 2833 479 2874 Platonis
522 2833 619 2886 Bel).
663 2832 878 2874 Parisinus
923 2839 955 2873 A
1000 2847 1022 2874 a
1065 2836 1200 2888 prima
1229 2849 1357 2877 manu
1390 2834 1461 2878 fol.
1497 2833 1535 2875 3.
1572 2833 1722 2886 ἑωροὶκη

151 2909 193 2949 et
234 2902 425 2950 ἐπεπόνθη
467 2903 692 2952 habuerat,
737 2906 777 2944 et
818 2902 887 2944 fol.
935 2901 970 2943 6.
1015 2903 1163 2956 ἑωράκη
1207 2908 1248 2946 et
1289 2905 1359 2946 fol.
1397 2904 1435 2947 7.
1469 2905 1646 2959 ᾔδησθα,
1682 2908 1724 2946 et
