1946 3298
852 153 938 200 475

111 280 231 336 τικά,
264 284 305 324 et
335 278 706 334 ἐκβεβαρβάρωται
740 281 796 323 τοὶ
828 279 997 332 θέατρα,
1033 283 1074 321 et
1099 280 1120 328 ἡ
1146 285 1217 329 τῆς
1243 286 1433 330 μουσικῆς
1460 281 1680 340 διαςροφή,

111 352 332 404 διαφθορά,
377 351 619 405 παραφθορά
664 355 705 393 et
747 353 839 393 sim.
904 350 1016 392 Hinc
1055 351 1337 392 emendandus
1370 355 1431 393 est
1461 351 1681 396 Plutarchi

110 423 226 465 locus
257 424 305 464 de
336 422 495 463 Musica
525 435 621 478 pag.
654 420 768 463 1140
788 437 817 463 e.
853 421 918 463 ε’πὶ
952 425 1027 462 τῶν
1059 420 1148 462 καθ’
1178 421 1286 470 ἡμας
1315 420 1466 474 χρόνων
1496 428 1682 466 τοσοῦτον

111 493 322 535 ἐπιδέδωκε
355 492 399 534 τὸ
434 499 505 540 τῆς
544 493 740 544 διαΦοροῖς
784 490 891 538 εἶδος
925 490 1000 535 ὤςε
1033 493 1102 532 τοῦ
1137 491 1210 540 μὲν
1243 493 1500 534 παιδευτικοῦ
1536 493 1680 544 τρόπου

110 563 315 613 μηδεμίαν
357 562 500 613 μνείαν
542 563 639 612 μηδ’
678 562 895 613 ἀντίληψιν
926 560 1050 616 εἶναι,
1094 560 1255 605 πάντας
1289 562 1330 603 δὲ
1365 563 1456 610 τοὺς
1489 571 1682 614 μουσικῆς

111 633 363 684 ἁπτομένους
398 634 493 684 πρὸς
527 633 598 680 την
632 633 838 684 θεατρικην
872 632 1243 684 προσκεχωρηκέναι
1279 636 1458 682 μοῦσαν,
1493 635 1568 677 ubi
1600 635 1683 677 δια-

113 706 278 755 ΦΘοροῖς
322 717 471 746 verum
514 707 588 745 est.
652 702 733 744 Vix
775 705 924 745 attinet
965 703 1100 744 dicere
1143 703 1253 757 apud
1290 703 1495 758 populum
1527 719 1681 749 novam

110 776 317 817 musicam
348 775 392 814 in
425 787 592 815 summo
624 773 778 815 honore
811 776 852 815 et
883 774 1020 829 gratia
1052 772 1204 826 fuisse,
1238 775 1436 827 quoniam
1469 789 1632 832 semper

858 842 1090 895 χαριεςάτη
1125 843 1206 886 ἐςὶν
1239 844 1350 892 ἀοιδη

412 912 496 963 ἥτις
529 913 786 956 ἀκουόντεσσι
823 914 1002 961 νεωτάτη
1039 913 1352 966 ἀμφιπέληται.

170 984 315 1040 Itaque
355 985 546 1027 iacebant
590 986 663 1039 qui
704 988 891 1027 veterem
932 988 974 1026 et
1004 984 1238 1026 masculam
1269 987 1477 1027 musicam
1515 1001 1683 1030 summa

111 1069 187 1111 ope
218 1055 489 1098 vindicabant
520 1058 561 1097 et
595 1056 639 1096 in
670 1056 736 1097 his
763 1057 1048 1097 Aristoxenus.
1099 1055 1409 1097 Testimonium
1439 1057 1550 1099 dicat
1576 1057 1681 1100 The-

110 1127 279 1167 mistius
319 1139 416 1181 pag.
453 1124 551 1167 364.
594 1126 723 1180 (apud
754 1125 922 1167 Muller.
959 1126 1002 1167 F.
1038 1125 1097 1168 H.
1132 1125 1182 1166 Π.
1219 1124 1362 1178 271.);
1397 1127 1683 1183 Αφέεύοαεηιιε,

110 1195 266 1250 inquit,
301 1196 415 1236 unice
447 1196 601 1237 amabat
632 1196 787 1237 virilem
820 1201 856 1237 et
886 1197 1095 1238 masculam
1127 1196 1310 1236 musicam
1343 1196 1410 1237 καὶ
1445 1202 1527 1244 τοῖς
1555 1199 1684 1248 μαθη-

112 1271 205 1312 ταῖς
249 1265 464 1307 ἐπεκέλευε
507 1269 576 1308 τοῦ
618 1267 834 1316 μαλθακοῦ
877 1266 1105 1318 ἀφεμένους
1145 1270 1357 1318 Φιλεργεῖν
1390 1267 1435 1308 τὸ
1465 1269 1685 1319 ἀρρενωπὸν

114 1337 152 1378 ἐν
185 1341 267 1382 τοῖς
302 1335 484 1386 μέλεσιν.
536 1336 699 1388 Quaerit
731 1352 777 1378 ex
808 1352 849 1378 eo
881 1337 1161 1391 discipulorum
1194 1337 1363 1391 aliquis:
1395 1338 1436 1379 τί
1469 1338 1502 1378 δ’
1536 1338 1585 1380 άν
1617 1355 1683 1390 μοι

113 1407 267 1458 γένοιτο
299 1406 420 1448 πλέον
456 1406 675 1458 ὑπεριδόντι
711 1408 784 1458 μὲν
817 1414 888 1456 τῆς
923 1407 1012 1453 νέας
1049 1407 1115 1448 καὶ
1151 1408 1387 1458 ἐπιτερποῦς
1421 1409 1580 1464 ἀοιδῆς,
1613 1411 1684 1458 την

114 1476 154 1518 δὲ
187 1477 374 1518 παλαιοὶν
409 1476 721 1532 διαπονησαντι;
766 1482 828 1518 cui
860 1479 1147 1525 Aristoxenum
1195 1478 1312 1531 ,ᾄσει
1347 1481 1611 1531 σπανιώτερον
1646 1481 1684 1521 ἕν

112 1552 196 1595 τοῖς
240 1547 457 1600 θεάτροις.”
498 1549 548 1594 ὡς
592 1549 670 1601 οὐχ
712 1544 787 1589 οἷόν
829 1564 874 1589 τε
918 1548 1060 1596 πλήθει
1103 1564 1148 1588 τε
1182 1545 1275 1597 ἅμα
1308 1549 1448 1599 ἀρεςὸν
1480 1547 1581 1592 εἶναι
1615 1551 1682 1592 καὶ

113 1619 285 1670 ἀρχαῖον
329 1619 400 1665 την
441 1618 654 1668 ε’πιςήμην.
720 1617 866 1673 Itaque
908 1618 1069 1660 factum
1112 1621 1174 1659 est
1205 1618 1313 1672 quod
1344 1619 1517 1670 assolet,
1551 1624 1686 1664 maior

111 1702 206 1744 pars
248 1688 469 1730 meliorem
512 1690 615 1731 vicit
657 1692 698 1730 et
736 1690 898 1730 musica
930 1690 1102 1743 antiqua
1134 1689 1368 1730 succubuit.
1432 1689 1507 1731 Est
1539 1705 1685 1747 operae

111 1760 296 1814 pretium
339 1758 388 1800 de
432 1773 478 1800 ea
515 1773 559 1800 re
591 1760 890 1802 Aristoxenum
922 1761 1064 1814 ipsum
1098 1759 1241 1800 audire
1274 1759 1385 1813 apud
1417 1761 1683 1804 Athenaeum

110 1842 205 1885 pag.
243 1827 328 1870 632
358 1845 394 1870 a.
443 1828 689 1881 Ἀριςόξενος
738 1830 776 1871 ἐν
818 1835 900 1876 τοῖς
941 1830 1185 1880 συμμίκτοις
1218 1836 1480 1879 συμποτικοῖς
1517 1864 1538 1881 ,,
1555 1830 1684 1882 ὅμοιον

115 1899 252 1956 (φησὶ)
295 1902 484 1949 ποιοῦμεν
529 1899 865 1946 Ποσειδωνιάταις
910 1905 992 1945 τοῖς
1026 1900 1064 1940 ἐν
1097 1901 1151 1951 τῷ
1186 1901 1410 1952 Τυρρηνικῷ
1445 1900 1580 1953 κόλπῳ
1615 1919 1685 1944 κα-

111 1972 330 2020 τοικοῦσιν,
375 1967 430 2016 οἷς
475 1969 625 2020 συνέβη
669 1970 724 2012 τα
767 1971 840 2020 μὲν
872 1969 916 2019 ἐξ
948 1972 1079 2022 ἀρχῆς
1111 1972 1308 2018 Ἕλλησιν
1343 1968 1448 2012 οὖσιν
1481 1973 1685 2026 ἐκβεβαρ-

112 2039 320 2091 βαρῶσθαι
369 2046 580 2092 Τυρρηνοῖς
623 2042 643 2090 ἢ
690 2041 899 2091 Ῥωμαίοις
949 2040 1183 2092 γεγονόσιν,
1234 2041 1301 2082 καὶ
1352 2044 1422 2090 τήν
1462 2059 1506 2083 τε
1550 2045 1684 2095 φωνην

112 2111 478 2161 μεταβεβληκέναι
524 2110 579 2152 τά
618 2128 664 2153 τε
697 2112 821 2154 λοιπά
855 2116 930 2153 τῶν
963 2112 1321 2162 ἐπιτηδευμάτων,
1356 2111 1473 2163 άγειν
1505 2130 1549 2155 τε
1584 2114 1683 2164 μιάν

113 2181 205 2223 τινα
236 2182 383 2227 αὐτοὺς
416 2182 493 2222 τῶν
527 2181 662 2232 ἑορτῶν
694 2187 769 2223 τῶν
804 2183 1049 2231 Ἑλληνικῶν
1083 2182 1142 2224 ἔτι
1176 2183 1244 2224 καὶ
1279 2186 1369 2232 νῦν,
1413 2184 1450 2224 ἐν
1484 2182 1508 2236 ἦ
1539 2185 1686 2228 συνιόν-

113 2268 182 2299 τες
223 2252 611 2303 ἀναμιμνησκονπαι
649 2256 724 2294 τῶν
757 2253 940 2305 ἀρχαίων
974 2253 1128 2295 ἐκείνων
1162 2254 1366 2303 ὀνομάτων
1398 2270 1442 2294 τε
1477 2254 1543 2296 καὶ
1578 2256 1686 2305 νομί-

113 2339 199 2374 μων
231 2323 298 2364 καὶ
333 2322 688 2375 ἀπολοφυράμενοι
723 2324 816 2374 πρὸς
851 2324 1056 2371 ἀλλήλους
1086 2324 1152 2364 καὶ
1180 2323 1537 2374 ἀποδακρύσαντες
1565 2326 1685 2377 ἀπέρ-

112 2408 275 2445 χονται.
320 2398 487 2434 ΟΤΤΩ
528 2393 573 2441 δη
616 2390 680 2434 οὖν
724 2393 860 2450 (φησι)
906 2393 973 2434 καὶ
1020 2395 1135 2443 ἡμεῖς
1176 2393 1310 2442 ἐπειδη
1345 2394 1412 2435 καὶ
1447 2397 1502 2437 τα
1536 2395 1683 2449 θέατρα

114 2462 487 2515 ἐκβεβαρβάρωται
529 2462 596 2504 καὶ
642 2464 697 2511 εἷς
739 2463 931 2514 μεγάλην
965 2463 1183 2517 διαφθοράν
1217 2466 1482 2516 προελήλυθεν
1521 2467 1541 2514 ἡ
1577 2466 1683 2509 πάν-

114 2532 235 2583 δημος
269 2531 373 2581 αὕτη
407 2535 575 2583 μουσικὴ
604 2535 692 2575 καθ’
723 2534 867 2579 αὑτοὺς
896 2533 1099 2584 γενόμενοι
1129 2535 1257 2585 ὀλίγοι
1285 2536 1682 2587 ἀναμιμνησκόμεθα

113 2601 177 2645 οἵα
210 2599 253 2650 ἦν
287 2604 308 2652 ἦ
339 2604 525 2652 μουσική.
588 2603 713 2645 Videt
745 2606 810 2647 vir
841 2604 1077 2659 praeclarus
1108 2605 1337 2659 perdidisse
1371 2620 1412 2648 se
1446 2620 1614 2662 operam
1643 2611 1685 2650 et

113 2672 311 2716 flebiliter
340 2688 424 2714 cum
444 2673 587 2727 paucis
617 2673 903 2716 nobilissimae
936 2675 1037 2716 artis
1068 2675 1290 2717 interitum
1319 2676 1517 2732 deplorat.

175 2741 341 2785 Cadunt
371 2743 473 2785 haec
503 2745 548 2784 in
580 2747 812 2786 extremam
839 2745 952 2787 vitae
974 2746 1214 2788 Aristoxeni
1240 2750 1403 2801 partem
1430 2750 1472 2789 et
1499 2748 1685 2792 notabile

116 2817 178 2856 est
219 2813 328 2869 quod
371 2813 420 2855 de
462 2813 735 2856 Etruscorum
768 2817 808 2856 et
836 2813 1120 2859 Romanorum
1151 2818 1329 2873 imperio
1360 2817 1564 2874 gliscente
1596 2820 1682 2863 iam

116 2887 210 2926 tum
239 2885 284 2926 in
316 2882 440 2926 Italia
470 2885 664 2927 inferiore
694 2888 915 2928 memorat.
