1946 3298
897 147 981 190 239

152 273 310 316 Verum
352 276 414 316 est
456 272 597 324 Ἐρεῖν.
657 273 816 316 Deinde
857 273 961 315 dixit
999 274 1249 315 intrinsecus
1297 270 1604 324 ἐπιγεγράφθαι
1649 271 1720 318 τὴν

153 343 310 385 ἀσπίδα
368 341 613 395 γράμμασιν
665 344 853 395 ἀρχαίοις
901 349 1220 397 Ε’ΥΦΟΡΒΟΤ,
1268 343 1393 398 idque
1439 355 1587 385 verum
1635 354 1722 382 esse

154 416 423 468 compertum.

211 482 372 524 Sumsit
413 483 611 526 fabellam
651 484 856 526 Diodorus
897 498 948 526 ex
990 483 1184 533 Timaeo,
1229 485 1297 525 oui
1339 497 1422 525 non
1465 482 1553 524 sine
1599 495 1721 523 cauea

153 566 384 610 cognomen
425 556 487 595 est
522 554 707 595 inditum
737 568 820 596 non
851 557 1019 596 tantum
1050 553 1307 604 Ἐπιτίμαιος
1342 553 1413 596 sed
1444 553 1572 595 etiam
1605 567 1723 604 γραο-

153 623 411 675 συλλέκτρια.

211 774 303 816 Lib.
360 773 414 815 X.
473 772 544 817 87.
604 773 641 816 6.
693 776 734 816 οὐ
782 775 862 825 μὴν
910 773 1054 825 ἀθρόως
1103 790 1155 824 γε
1203 772 1412 827 διέφυγεν.
1494 773 1724 829 Scripserab

151 846 389 886 ἈΘΩΙΟΟ
435 843 558 896 ἀθῷός
605 861 654 895 γε
704 844 914 898 διέφυγεν.
995 845 1065 887 Sic
1111 844 1245 886 solent
1290 858 1434 887 omnes
1481 845 1603 897 ἀθῷος
1652 858 1725 900 pro

156 914 325 966 ἀζήμιος
356 929 568 970 usurpare.

210 1065 302 1107 Lib.
336 1064 414 1106 XI.
449 1063 518 1105 12.
554 1064 593 1106 5.
627 1064 743 1114 μόνος
778 1064 817 1105 δὲ
849 1071 1104 1115 Θεμιςοκλῆς
1135 1066 1207 1114 τὴν
1236 1065 1422 1107 ἐναντίαν
1458 1067 1728 1109 ἀπεΚΡΙνατο

153 1135 331 1186 γνώμην.
393 1135 496 1193 Leg.
529 1138 816 1185 ἀπεΦΗνατο,
853 1138 901 1176 ut
933 1149 1076 1177 omnes
1110 1135 1260 1179 Graeci
1292 1136 1536 1192 loquuntur.

214 1285 307 1326 Lib.
341 1284 414 1326 XI.
451 1283 521 1325 50.
561 1283 601 1324 4.
639 1283 706 1325 καὶ
742 1284 809 1325 τὸν
842 1285 1024 1335 χρησμὸν
1059 1285 1223 1337 ἔφασαν
1258 1288 1312 1335 εἷς
1341 1287 1448 1329 οὐδὲν
1478 1286 1606 1340 ἕτερον
1637 1288 1656 1336 ἢ
1686 1286 1730 1328 τὸ

159 1354 284 1407 παρὸν
318 1349 499 1397 ΛΕΓειν.
562 1354 653 1411 Leg
680 1359 888 1410 “ΡΕΠειν,
920 1360 969 1397 ut
1001 1357 1046 1397 in
1077 1357 1220 1399 Pluto.-

429 1425 500 1466 οὐκ
532 1422 611 1465 ἔσθ’
646 1422 749 1471 ὅπως
783 1426 799 1467 ὁ
832 1427 1018 1478 χρησμὸς
1052 1428 1106 1474 εἷς
1140 1430 1258 1470 τοῦτο
1290 1427 1397 1481 ῥέπει

428 1494 525 1537 ἀλλ’
558 1496 613 1542 εἰς
647 1493 778 1548 ἔτερόν
812 1513 848 1538 τι
882 1496 1034 1549 μεῖζον.

215 1646 309 1687 Lib.
342 1644 436 1687 XII.
473 1645 511 1686 1.
547 1644 586 1687 3.
621 1648 689 1687 τοῦ
724 1646 763 1687 δὲ
796 1646 976 1697 πολέμου
1010 1648 1123 1699 παρα
1156 1649 1226 1697 τὴν
1260 1648 1499 1700 προσδοκίαν
1532 1649 1576 1691 τὸ
1618 1648 1731 1697 τέλος

157 1716 357 1766 λαβόντος
398 1714 673 1772 [παράδοξον].
735 1716 879 1773 Inepte
911 1719 975 1760 bis
1007 1719 1121 1760 idem
1155 1720 1319 1761 dieitur.

218 1866 314 1909 Lib.
357 1865 451 1907 XII.
501 1865 538 1907 6.
585 1865 626 1908 2.
669 1865 986 1917 ἠναγκάσθησαν
1026 1869 1194 1921 ἀφεῖναι
1228 1869 1305 1915 τας
1339 1869 1736 1917 πόλεις-αὐτονό-

159 1952 257 1988 μους
303 1942 455 1978 ΕΙΝΛΙ
504 1942 616 1978 ΕΑΝ
655 1938 747 1983 τοὺς
782 1939 1077 1990 αἰχμαλώτους
1113 1940 1396 1991 ἀπολάβωσιν.
1458 1940 1633 1984 Dixerat
1665 1942 1736 1983 αὐ-

160 2007 346 2057 τονόμους
385 2008 502 2049 ἽΝΛ
534 2007 625 2054 τοὺς
660 2009 955 2060 αἰχμαλώτους
989 2010 1273 2060 ἀπολάβωσιν.
1335 2011 1396 2052 Ex
1434 2018 1604 2054 CINAT
1636 2009 1736 2053 εἶναι

159 2081 306 2121 natum
339 2080 424 2128 est,
459 2077 607 2120 deinde
641 2077 710 2120 ε’ἀν
741 2080 964 2122 insertum.

221 2229 313 2270 Lib.
356 2228 453 2270 XII.
490 2229 557 2271 10.
593 2229 630 2271 4.
668 2230 706 2271 ἐν
740 2231 867 2283 τούτῳ
898 2231 952 2283 τῷ
985 2230 1095 2284 τόπῳ
1130 2228 1226 2273 ὅπου
1261 2231 1481 2282 μέλλουσιν
1513 2234 1630 2275 οἰκεῖν
1664 2234 1735 2285 με’-

162 2304 311 2353 τρΙΟΝ
345 2297 441 2350 ὕδωρ
474 2299 652 2346 πίνοντες
687 2301 832 2351 ἀμετρὶ
869 2300 908 2343 δὲ
941 2300 1081 2353 μᾶζαν
1115 2301 1279 2348 ἔδοντες.
1329 2301 1484 2358 Apollo
1516 2304 1700 2347 dixerat:

373 2369 543 2422 με’τρΩΙ
579 2369 675 2422 ὕδωρ
709 2371 888 2417 πίνοντες
922 2372 1068 2424 ἀμετρὶ
1105 2372 1144 2414 δὲ
1179 2371 1318 2424 μᾶζαν
1352 2373 1517 2421 ἔδοντες.

224 2519 317 2561 Lib.
356 2518 456 2561 XII.
501 2517 569 2561 17.
605 2519 644 2560 4.
681 2517 984 2573 ἑτερόφθαλμός
1018 2538 1079 2568 τις
1114 2521 1296 2568 ἐκκοπεὶς
1329 2522 1397 2565 τὸν
1430 2523 1643 2575 ὀφθαλμὸν
1674 2523 1741 2565 τὸν

114 2641 116 2645 .
163 2594 273 2639 μΕΝ
306 2588 580 2641 Ἀντεκκόψαι
615 2588 831 2632 -ἔλαττον
864 2591 1055 2642 ὑπέλαβε
1089 2591 1321 2643 πρόστιμον.
1371 2592 1663 2649 Supplendum
1694 2596 1740 2636 in

164 2659 276 2700 huno
307 2659 507 2700 modum:
543 2659 609 2700 τὸν
642 2660 714 2710 μὲν
744 2662 877 2703 ἝΝΑ
914 2661 1181 2714 ἀντεκκόψαι.

225 2797 321 2841 Lib.
363 2795 458 2839 XII.
503 2796 569 2839 34.
618 2797 658 2840 5.
703 2797 866 2841 ἔκτισαν
899 2802 932 2842 οἱ
964 2802 1166 2849 Ἀθηναῖοι
1200 2799 1316 2842 πόλιν
1350 2801 1388 2842 ἐν
1423 2807 1472 2855 τῇ
1506 2803 1740 2855 Προπόντιδι

169 2867 239 2914 τὴν
272 2866 564 2920 ὀνομαζομένην
597 2874 820 2912 ΛΕΤανον.
883 2870 974 2913 Imo
1006 2885 1104 2914 Vero
1138 2877 1388 2914 ΔΡΕΞΠανον.
