1946 3298
835 148 919 194 43'7

153 272 462 316 Confirmantur
492 273 592 316 haec
624 288 674 315 ex
705 275 1014 328 comparatione
1046 275 1194 317 aetatis
1227 275 1514 332 Theophrasti.

153 330 462 398 Theophrastus
494 346 616 384 natus
650 346 712 385 est
744 356 849 384 anno
884 342 984 385 372.

149 413 339 455 Excessit
370 427 392 454 e
423 414 513 455 Vita
546 426 750 455 annorum
783 412 839 454 85
874 427 978 454 anno
1011 412 1112 456 287.

150 481 360 524 Successit
390 483 608 525 Aristoteli
641 496 746 525 anno
780 482 878 525 322.

149 551 338 594 Praefoit
380 553 544 595 scholae
575 567 647 608 per
679 566 806 594 annos
838 553 1012 595 XXXV.
1049 555 1217 610 (calami
1250 570 1383 599 errore
1415 556 1581 601 Clinton
1620 562 1660 601 in

88 622 134 663 F.
167 621 225 664 H.
259 623 310 664 ad
342 637 498 664 annum
533 622 632 666 287.
667 624 834 678 quinque
866 631 903 665 et
935 625 1196 679 quadfraqz‘nta
1226 640 1354 668 annos
1389 630 1586 685 scripsit).

148 692 294 748 Itaque
336 693 617 748 quinquaqinta
649 707 775 735 annos
807 698 931 736 natus
961 695 1180 736 Aristoteli
1212 699 1409 738 successit
1441 700 1560 753 eique
1593 714 1658 742 ae-

87 761 231 804 mulus
268 764 542 804 Aristoxenus
574 767 709 805 aetate
741 764 825 805 fere
857 777 931 818 par
962 764 1089 806 fuisse
1122 766 1302 808 videtur.
1367 767 1483 810 Haec
1517 773 1658 812 autem

88 835 201 874 aetas
233 834 391 888 optime
423 837 727 886 σχολαρχοῦντι
762 837 967 876 convenit.

146 902 291 957 Itaque
322 916 402 944 non
436 902 622 944 multum
657 917 681 944 a
714 917 811 945 vero
845 904 1130 947 aberrabimus
1163 908 1198 947 si
1225 908 1524 950 Aristoxenum
1553 911 1662 952 circa

90 971 387 1028 Olympiadem
425 979 494 1014 CII
526 981 675 1015 natum
709 987 795 1015 esse
827 987 1045 1029 ponemus.

151 1112 264 1164 Quae
306 1114 494 1168 sequitur
536 1113 645 1168 apud
689 1113 974 1155 Iamblichum
1015 1115 1189 1157 historia
1221 1119 1472 1161 suavissima
1504 1121 1527 1175 ξ
1559 1121 1660 1164 238.

88 1183 327 1225 Aristoxeni
361 1187 402 1224 et
433 1184 523 1238 ipsa
554 1183 723 1225 videtur
754 1197 841 1225 esse
874 1197 1006 1238 quum
1039 1186 1090 1227 ob
1125 1188 1322 1228 orationis
1356 1191 1487 1231 tersae
1516 1195 1557 1232 et
1584 1192 1664 1234 ele-

87 1255 227 1309 gantis
258 1255 556 1308 praestantiam
591 1257 685 1294 tum
718 1255 815 1308 quia
848 1254 957 1308 quod
990 1257 1180 1310 sequitur
1207 1257 1229 1311 ξ
1252 1256 1352 1299 239.
1381 1258 1430 1300 de
1459 1258 1594 1303 Clinia
1622 1267 1663 1304 et

86 1323 215 1365 Proro
256 1337 381 1379 supra
423 1324 611 1366 vidimus
654 1325 902 1366 Aristoxeno
945 1339 992 1366 ex
1026 1325 1221 1382 Dionysii
1253 1329 1514 1371 sermonibus
1547 1333 1666 1374 inno—

85 1395 228 1435 tuisse.

145 1463 347 1506 Eiusdem
389 1477 476 1505 esse
517 1464 686 1507 videtur
727 1463 887 1505 ibidem
931 1465 1106 1507 historia
1147 1466 1197 1508 de
1240 1466 1438 1511 Thestore
1472 1475 1512 1512 et
1545 1471 1659 1528 Thy-

84 1533 258 1576 marida.

146 1675 259 1727 Quae
300 1674 503 1731 leguntur
533 1675 574 1715 in
612 1675 634 1729 ξ
665 1674 918 1718 248—251.
963 1676 1115 1718 diserte
1147 1677 1198 1718 ad
1230 1678 1527 1721 Aristoxenum
1562 1696 1656 1724 auc-

84 1749 219 1787 torem
251 1746 511 1799 referuntur,
556 1748 696 1786 ταῦτα
730 1746 802 1794 μὲν
836 1744 898 1788 οὖν
936 1745 1182 1797 Ἀριςόξενος
1215 1748 1434 1797 διηγεῖται.
1498 1750 1579 1793 Sed
1611 1756 1660 1794 ut

84 1815 189 1858 solet
229 1815 487 1857 lamblichus
530 1817 771 1857 testimonia
809 1820 1002 1858 veterum
1035 1817 1129 1858 aliis
1163 1817 1331 1860 aliunde
1364 1820 1565 1863 admixtis
1597 1824 1657 1864 in·

82 1884 309 1941 terpolaoe,
344 1885 514 1927 videtur
545 1885 659 1926 idem
691 1885 835 1927 fecisse
868 1887 943 1927 ubi
969 1891 1109 1928 narrat
1135 1889 1179 1928 in
1208 1887 1347 1942 §2452
1376 1904 1425 1931 ex
1443 1895 1658 1934 communi

81 1955 448 2012 Pythagoreorum
492 1959 632 2011 strage
664 1955 767 1997 duos
800 1959 966 1997 tantum
997 1958 1176 1998 evasisse
1209 1958 1470 2013 Archippum
1504 1970 1543 2003 et
1575 1962 1658 2018 Ly-

83 2026 237 2076 sidem,
282 2039 459 2080 quorum
493 2025 509 2065 ὃ
544 2026 617 2074 μὲν
654 2026 892 2076 ”Αρχιππος
933 2025 1187 2077 ἀνεχώρησεν
1221 2028 1277 2074 εἷς
1310 2030 1531 2081 Τάραντα,
1566 2033 1582 2073 ὁ
1618 2033 1656 2074 δὲ

83 2100 211 2142 Λῦσις
246 2098 425 2146 μισήσας
458 2096 528 2142 την
563 2095 776 2146 ὀλιγωρίαν
805 2121 859 2126 —-—
889 2097 942 2142 εἷς
978 2097 1126 2147 Θήβας
1160 2099 1436 2150 μετῳκίσατο,
1466 2125 1516 2131 —
1537 2100 1655 2154 οὗπερ

84 2166 244 2217 ἐγένετο
287 2164 616 2214 Ἐπαμεινώνδας
660 2167 858 2216 οξκροατης
892 2166 960 2207 καὶ
994 2167 1154 2217 πατέρα
1188 2168 1252 2209 τὸν
1287 2172 1414 2210 Λῦσιν
1449 2171 1655 2216 ἐκάλεσεν.

84 2237 186 2289 Quis
228 2236 368 2278 credat
397 2237 694 2277 Aristoxenum
725 2238 769 2276 in
801 2240 888 2277 tam
924 2251 1099 2293 gravem
1134 2252 1310 2280 errorem
1346 2239 1557 2294 implicari
1586 2257 1655 2298 po-

82 2309 212 2349 tuisse
244 2311 285 2349 et
316 2307 417 2348 haec
450 2307 707 2355 οὲσύγκλωςα
740 2305 1017 2355 commem?
1066 2307 1167 2358 Quis
1199 2308 1353 2350 melius
1386 2323 1512 2364 quam
1543 2313 1656 2354 Aris-

82 2381 256 2420 toxenus
298 2377 455 2418 sciebat
496 2375 585 2418 fieri
627 2389 709 2417 non
750 2378 935 2431 potuisse
977 2381 1025 2418 ut
1065 2379 1137 2432 qui
1168 2380 1332 2420 iuvenis
1363 2379 1655 2437 Pythagoram

81 2448 310 2490 audivisset
346 2447 460 2488 idem
493 2460 617 2488 senex
649 2448 880 2488 instituerit
911 2446 1275 2502 Epaminondam?
1317 2450 1404 2491 vid.
1437 2450 1575 2493 Bentl.
1611 2454 1654 2494 in

83 2518 269 2571 Respons.
302 2519 356 2558 ad
391 2518 428 2559 O.
462 2517 650 2572 Boyleum
686 2531 782 2573 pag.
818 2516 1008 2559 43—45.

138 2587 365 2643 Reliquum
407 2590 469 2629 est
506 2590 554 2628 ut
586 2588 877 2628 existimemus
909 2587 1192 2629 Iamblichum
1225 2589 1326 2631 haec
1357 2591 1652 2646 interposuisse

80 2673 130 2700 ex
161 2657 440 2711 Nicomacho,
485 2658 604 2698 cuius
645 2656 786 2699 locum
819 2657 996 2712 protulit
1027 2657 1287 2714 Porphyrius
1319 2661 1362 2700 in
1394 2661 1416 2714 ξ
1451 2661 1520 2702 55.
1555 2664 1654 2704 πρὶν-

81 2743 157 2773 τας
184 2734 384 2779 πανταχῇ
418 2726 638 2778 ἐνέπρησαν
674 2727 799 2768 αὑτοῦ
830 2743 875 2768 τε
907 2727 975 2768 καὶ
1010 2727 1266 2768 κατέλευσαν
1298 2728 1362 2770 δύο
1392 2730 1654 2782 ἐκφυγόντων

82 2799 126 2839 ἐκ
168 2802 236 2845 τῆς
282 2800 410 2851 πυρᾶς
454 2797 688 2848 Ἀρχίππου
730 2814 775 2838 τε
811 2797 878 2839 καὶ
913 2796 1110 2847 Λύσιδος,
1145 2796 1192 2844 ὥς
1227 2802 1328 2851 φησι
1362 2799 1570 2850 Νεάνθης,
1605 2801 1653 2844 ὧν

83 2868 100 2911 ὂ
133 2870 257 2915 Λῦσις
303 2869 340 2909 ἕν
383 2866 554 2910 Ἑλλάδι
591 2866 740 2920 ᾤκησεν
773 2867 1086 2922 Ἐπαμεινώνδᾳ
1119 2883 1164 2909 τε
1198 2868 1473 2921 συγγέγονεν,
1508 2869 1552 2912 οὗ
1583 2873 1651 2916 καὶ
