1946 3298
891 172 945 220 41

313 303 430 351 αἰδὼς
464 303 537 358 [δ’]
570 305 638 346 οὐκ
670 306 807 355 οὶγαθὴ
842 305 1076 358 κεχρημένῳ
1109 305 1214 356 οένδρὶ
1250 310 1458 359 παρεῖναι,

133 377 174 416 et
215 373 359 416 eadem
401 374 451 416 de
496 387 618 415 causa
659 388 756 431 pag.
803 373 900 416 163.
923 375 959 417 b.
1006 374 1152 426 ἔμαθον
1196 375 1278 427 γὰρ
1321 377 1418 428 παρ’
1452 376 1630 417 Ἡσιόδου
1664 369 1704 423 ὃς

132 443 212 496 ἔφη
251 443 362 495 ἔργον
399 444 469 499 [δ’]
502 446 607 486 οὐδὲν
641 442 741 487 εἶναι
776 444 931 493 ὄνειδος.

189 512 398 556 Similiter
436 529 532 571 pag.
578 514 728 557 161.b.
768 515 886 563 αἰδὼς
926 517 966 558 δὲ
1008 517 1116 558 οὐδὲν
1149 520 1310 567 μᾶλλον
1345 516 1501 568 οέγαθὸν
1537 515 1557 565 ἢ
1595 516 1702 572 [καὶ]

130 586 275 635 κακόν,
334 586 659 643 expungendum
707 591 768 628 est
815 588 906 637 καί,
957 588 1066 643 quod
1113 601 1210 629 cum
1258 588 1364 630 οὐδὲν
1412 590 1574 639 μᾶλλον
1623 601 1705 630 non

130 657 338 713 congruit.

186 796 292 854 Pag.
338 796 437 839 163.
455 813 491 839 a.
535 797 625 848 ἐγὼ·
648 797 729 850 γαρ
762 814 837 839 που
869 798 973 840 τοῦθ’
1005 797 1254 849 ὡμολόγηκα
1287 800 1336 846 ὡς
1371 800 1403 841 οἱ
1437 799 1491 841 τοὶ
1524 803 1599 842 τῶν
1633 797 1708 841 θέλ-

128 878 208 910 λων
251 869 498 920 πράττοντες
541 872 803 921 σωφρονοῦσιν
848 871 869 918 ἢ
912 870 1003 917 τοὺς
1047 872 1257 917 ποιοῦντας
1300 860 1568 921 ὡμολόγησω
1637 869 1706 912 Sic

127 941 307 994 scriptus
337 939 454 981 locus
485 939 606 995 plane
638 939 824 996 intelligi
855 953 938 981 non
969 943 1119 995 potest.
1170 942 1337 982 Partem
1368 943 1458 983 veri
1482 940 1704 983 Heindorf.

127 1010 259 1060 vidit,
293 1012 449 1065 partim
481 1010 788 1067 Morgenstern.
823 1024 846 1052 a
878 1009 1160 1052 Stallbaumio
1193 1010 1404 1053 laudatus.
1458 1011 1706 1069 Legendum

127 1082 240 1121 enim
283 1081 362 1131 ἐγὼ
405 1081 486 1133 γαρ
529 1084 604 1122 ποῦ
651 1082 740 1137 (pro
784 1097 858 1122 που
900 1080 1155 1137 Morgenst.)
1189 1081 1296 1123 τοῦθ’
1329 1082 1703 1133 ὡμολόγηκα-εἷ

130 1152 221 1206 (pro
262 1151 283 1199 ἢ
326 1150 504 1206 Heind.)
549 1152 640 1197 τοὺς
684 1155 897 1198 ποιοῦντας
940 1152 1215 1202 ὡμολόγησα;
1275 1152 1351 1195 Est
1391 1155 1504 1195 enim
1538 1154 1605 1194 ubi
1635 1154 1705 1195 laoe

125 1236 190 1274 eqo
237 1220 446 1263 concessi?
493 1222 663 1277 perinde
711 1236 756 1264 ac
804 1224 839 1264 si
886 1223 1060 1264 dixisset
1104 1238 1168 1276 eqo
1210 1224 1280 1264 hoe
1321 1224 1478 1265 minime
1523 1225 1703 1266 concessi.

125 1291 320 1347 Captiose
348 1294 460 1334 enim
493 1294 553 1335 ita
584 1293 790 1348 disputat:
825 1293 916 1339 τοὺς
949 1294 1022 1343 μὲν
1053 1294 1109 1335 τα
1142 1298 1216 1335 τῶν
1247 1293 1384 1335 ἄλλων
1416 1298 1704 1341 ποιοῦντας

124 1368 339 1416 σωφρονεῖν
378 1364 560 1414 ὁμολογοῖ·
594 1365 691 1405 αλλ’
721 1367 762 1406 οὐ
797 1364 863 1406 δια
895 1368 1011 1406 τοῦτο
1045 1369 1243 1417 συγχωρῶ
1277 1371 1489 1417 σωφρονεῖν
1522 1366 1614 1412 τοὺς
1647 1366 1703 1407 τοὶ

123 1439 199 1476 τῶν
242 1433 380 1476 ἄλλων
423 1435 793 1486 πράττοντας.
836 1449 962 1490 quam
1005 1436 1153 1477 deinde
1185 1436 1410 1478 verborum
1444 1436 1701 1479 calumniam

122 1505 313 1548 sollerter
345 1503 534 1547 Socrates
567 1505 712 1548 diluit.

179 1645 286 1705 Pag.
337 1647 435 1690 164.
454 1649 489 1690 d.
537 1648 604 1690 οὐκ
647 1646 696 1691 ἂν
741 1648 996 1699 αἰσχυνθείην
1049 1644 1107 1689 ὅτι
1158 1650 1214 1698 μὴ
1263 1647 1355 1700 οὐχὶ
1406 1648 1518 1701 ὀρθῶς
1567 1648 1700 1702 φάναι

120 1720 312 1770 εἰρηκέναι
345 1722 508 1769 μᾶλλον
544 1719 564 1767 ἦ
598 1735 696 1761 ποτε
731 1719 1048 1771 συγχωρήσαιμ’
1076 1719 1126 1760 ἂν
1152 1720 1381 1770 ἀγνοοῦντα
1408 1720 1528 1761 αὐτὸν
1559 1721 1702 1762 ἑαυτὸν

118 1789 316 1841 ἄνθρωπον
358 1794 584 1841 σωφρονεῖν.
650 1790 732 1842 Qui
769 1789 880 1832 locos
923 1790 1144 1831 mendosos
1187 1804 1450 1845 quocumque
1487 1792 1612 1834 modo
1644 1795 1706 1834 in-

115 1862 335 1916 terpretari
378 1864 580 1902 conantur
611 1863 700 1902 tam
734 1860 836 1902 duro
870 1864 968 1902 sunt
1001 1861 1217 1903 stomacho
1252 1865 1302 1902 ut
1334 1875 1433 1903 saxa
1465 1863 1594 1904 etiam
1628 1864 1706 1905 du-

114 1933 283 1974 rissima
311 1945 562 1986 concoquere
594 1934 766 1987 possint.
822 1931 991 1988 Negant
1024 1933 1172 1973 mirari
1205 1937 1391 1986 oportere
1427 1933 1704 1987 „infinitivum

110 2007 198 2057 post
228 2001 286 2044 ὅτι
320 2002 506 2043 illatum''
536 2017 718 2057 namque
750 2002 955 2056 „plurima
989 2002 1036 2042 id
1061 2017 1186 2054 [senus
1218 2003 1389 2056 erem-pla
1421 2005 1705 2058 suppeditare''

114 2072 378 2123 Scbaeferos,
423 2073 674 2123 Lobeckios,
718 2073 822 2115 alios
864 2072 1115 2128 complures.
1181 2073 1302 2114 Nihil
1344 2078 1406 2115 est
1438 2077 1528 2116 tam
1560 2076 1704 2117 absur-

115 2144 218 2185 dum
251 2144 360 2198 quod
392 2157 474 2185 non
506 2158 556 2186 ex
589 2142 813 2186 Codicibus
840 2145 993 2185 nostris
1022 2144 1299 2185 demonstrari
1327 2147 1476 2199 possit,
1508 2148 1543 2187 si
1568 2161 1701 2188 unum

116 2218 158 2256 et
187 2214 368 2256 alterum
397 2214 538 2256 locum
572 2218 644 2256 aut
677 2218 921 2270 corruptum
954 2218 1027 2256 aut
1059 2229 1278 2269 perperam
1310 2215 1575 2257 intellectum
1611 2231 1703 2273 pro-

117 2285 222 2327 ferre
255 2289 317 2327 est
349 2284 509 2340 aliquid
541 2285 839 2327 demonstrare.
893 2284 1095 2339 Reliquos
1127 2287 1187 2327 rei
1220 2285 1479 2328 incredibilis
1512 2292 1702 2330 auctores

116 2358 259 2399 minus
289 2369 451 2406 moror,
486 2355 780 2399 Heindorfium
812 2370 946 2397 unum
979 2357 1110 2397 miror
1143 2356 1193 2398 ad
1223 2356 1468 2398 Phaedonem
1502 2357 1572 2401 63.
1591 2375 1626 2401 a.
1660 2361 1705 2401 in

119 2428 298 2469 eundem
340 2440 521 2469 errorem
565 2441 652 2469 esse
693 2427 969 2482 implicitum.
1011 2426 1127 2468 Bona
1168 2441 1262 2482 pars
1301 2427 1515 2480 locorum,
1552 2431 1705 2485 quibus

119 2511 262 2540 omnes
304 2500 348 2539 in
389 2512 482 2539 eam
523 2512 613 2540 rem
659 2498 912 2552 abutuntur,
945 2497 1069 2539 hodie
1102 2499 1238 2539 sanati
1268 2502 1388 2549 sunt,
1424 2503 1472 2541 ut
1503 2502 1547 2541 in
1579 2501 1706 2542 Phae-

119 2570 218 2610 done
255 2568 331 2610 Ll.
377 2565 435 2609 ὅτι
475 2569 609 2618 μέντοι
655 2569 767 2619 παρα
809 2568 918 2614 θεοὺς
961 2567 1162 2614 δεσπότας
1203 2569 1311 2611 πάνυ
1344 2571 1526 2620 ἀγαθοὺς
1564 2570 1702 2627 [ἥξειν]

116 2641 349 2682 rectissime
394 2639 610 2696 Hirschig.
658 2639 762 2689 ἥξειν
811 2641 1037 2694 expunxit,
1086 2653 1268 2695 namque
1317 2655 1367 2682 ex
1411 2643 1705 2696 praecentibus

113 2709 264 2761 ἐλπίζω
308 2709 529 2762 ἀφίξεσθαι
572 2710 795 2767 cogitando
840 2724 927 2752 esse
969 2711 1207 2765 repetenda.
1272 2710 1321 2752 In
1362 2711 1472 2762 loco,
1526 2727 1607 2768 quo
1655 2714 1706 2756 de

113 2781 304 2835 agimus,
354 2782 479 2835 periit
526 2780 715 2837 syllaba,
765 2795 847 2836 qua
894 2782 940 2822 in
981 2795 1102 2823 suam
1142 2781 1282 2822 sedem
1327 2787 1520 2825 revocata
1564 2786 1705 2826 omnia

113 2863 211 2891 cum
250 2858 425 2893 naturae
469 2855 510 2893 et
551 2853 726 2893 rationis
759 2855 927 2893 aeterna
959 2851 1053 2908 lege
1086 2856 1330 2908 congruent.
1396 2852 1540 2895 Scribe
1575 2854 1702 2895 ὁτιοῦν

113 2933 187 2975 pro
226 2920 284 2963 ὅτι
313 2926 354 2963 et
379 2926 619 2964 monstrum
651 2925 731 2965 erit
763 2927 1051 2978 procuratum.
1110 2922 1203 2964 Non
1234 2938 1292 2964 me
1314 2925 1507 2979 puderet,
1539 2925 1702 2980 inquit,
