1946 3298
905 146 988 188 500

163 273 287 317 Λυδοί
323 278 420 317 sunt
463 274 672 328 Tvppnvoc'3
716 273 905 324 Τυρρηνοί
939 274 1036 314 sunt
1077 270 1274 321 Veientes;
1319 281 1427 312 ERGO
1460 271 1493 312 οἱ
1525 267 1739 321 Σαρδιανοί

163 344 373 401 significat
405 346 608 388 Veientes.
677 343 909 385 Simillima
956 343 1069 383 hisce
1116 345 1257 383 narrat
1300 340 1553 381 Plutarchus
1583 341 1626 380 in
1662 339 1740 380 Ro-

164 416 271 456 mulo
319 429 407 470 cap.
442 414 574 456 XXV.
623 415 789 456 Dixeris
838 417 983 454 Sardos
1028 425 1110 452 11011
1158 425 1244 452 esse
1285 410 1547 461 Σαρδιανούς,
1590 410 1740 451 urbem

163 485 286 527 Veios
318 500 341 527 a
372 485 555 527 Romulo
589 488 755 539 capt-am
788 498 870 525 non
903 496 1016 535 esse,
1049 481 1111 522 nil
1142 486 1371 523 morantur.
1426 480 1567 522 Habet
1598 484 1741 521 tamen

162 555 417 597 Plutarchus
450 556 598 610 magni
630 556 812 595 nominis
847 558 1059 594 auctorem
1091 551 1202 606 apud
1233 551 1405 592 Festum
1437 550 1466 592 l.
1499 550 1527 591 1.
1565 564 1641 599 „ex
1669 549 1741 591 lzoc

162 631 309 667 natum
344 626 615 680 proverbium
656 625 820 666 videtur
865 623 972 678 qnod
1011 622 1120 663 lactis
1167 622 1429 675 Capitolinis,
1474 621 1544 675 qai
1575 620 1682 674 fiant
1713 632 1742 661 a

164 697 308 737 vicinis
333 696 629 749 praetextatis,
663 695 800 735 siccatio
841 693 1070 734 Veientium
1105 692 1201 746 fieri
1232 692 1351 743 solet,
1388 692 1430 732 in
1463 705 1545 746 qna
1576 690 1743 731 novissi-

164 780 256 807 nias
298 767 466 821 quisque
510 765 761 806 deterrimas
794 763 1048 818 producitur
1081 777 1104 803 a
1134 775 1342 815 praecone
1374 776 1495 803 senex
1526 775 1617 802 cani
1649 765 1744 815 toqa

157 841 382 890 praetexta
415 836 605 890 ballaqae
637 849 790 887 ciarea,
836 848 913 889 qao
946 833 1057 874 calta
1089 846 1203 887 reyes
1235 832 1343 873 soliti
1373 836 1470 873 sunt
1501 845 1582 873 esse
1614 831 1743 872 Etru-

164 921 349 960 scorum,
383 907 455 962 qai-
487 917 612 948 sARDI
645 904 930 959 appellantur,
964 904 1062 958 qaia
1100 903 1278 945 Etrusca
1306 916 1405 957 qens
1437 906 1530 943 orta
1555 905 1611 942 est
1639 901 1745 943 Sar-

165 977 283 1019 dibus
325 991 373 1018 ex
414 975 600 1031 Lydia&
663 974 794 1015 Plane
835 973 980 1015 eadem
1024 977 1121 1014 sunt
1160 986 1265 1027 quae
1297 972 1407 1026 apud
1439 971 1742 1023 Plutarchum,

167 1049 239 1102 qui
282 1047 527 1089 Terentium
562 1045 788 1087 Varronem
824 1045 940 1098 sequi
972 1044 1151 1085 videtur.
1219 1042 1298 1084 Sed
1331 1042 1616 1084 Romanorum
1650 1041 1745 1082 doc-

165 1119 356 1159 tissimus
387 1119 432 1158 in
463 1115 696 1170 multiplici
731 1119 772 1156 et
805 1114 953 1155 diffusa
985 1114 1218 1154 eruditione
1250 1115 1378 1154 nimis
1411 1127 1530 1167 saepe
1556 1116 1744 1153 transvo-

165 1187 226 1229 lat
257 1189 302 1229 in
332 1187 470 1229 medio
509 1187 645 1241 posita
680 1190 721 1226 et
754 1183 932 1224 mirifica
975 1188 1098 1238 atque
1141 1182 1355 1234 παραδοξα
1390 1187 1542 1237 captat.
1605 1181 1745 1224 Donec

167 1260 246 1300 erit
289 1257 448 1312 aliquid
488 1258 598 1297 inter
641 1255 786 1295 Sardos
819 1258 860 1295 et
895 1253 1159 1302 Σαρδιανούς,
1204 1255 1341 1295 tutius
1373 1255 1452 1295 erit
1484 1252 1533 1295 de
1567 1250 1746 1295 Consule

169 1327 357 1371 Graccho
390 1341 515 1382 quam
549 1326 600 1368 de
631 1339 730 1381 rege
764 1324 947 1366 Romulo
980 1326 1174 1381 cogitare.

227 1399 396 1440 Erravit
427 1399 562 1454 igitur
595 1395 874 1448 Plutarchus,
908 1395 979 1436 sed
1011 1409 1090 1437 non
1126 1397 1213 1436 sine
1240 1396 1346 1437 bono
1374 1398 1414 1437 et
1442 1394 1551 1436 claro
1579 1396 1748 1435 auctore

170 1483 216 1511 ao
248 1472 366 1511 teste.
432 1467 480 1508 In
522 1467 616 1508 aliis
661 1468 789 1507 etiam
822 1465 899 1507 hac
931 1467 1195 1507 excusatione
1228 1466 1396 1507 carebit.
1462 1464 1618 1506 Scribit
1647 1476 1745 1519 pag.

171 1538 257 1580 268
275 1556 308 1580 a.
353 1535 411 1579 ὅτι
456 1543 505 1589 τῇ
540 1536 730 1589 νουμηνία
765 1539 833 1576 τοῦ
868 1537 1014 1585 μηνὸς,
1050 1530 1093 1582 ἣν
1127 1535 1278 1585 ἡμέραν
1313 1535 1534 1580 Καλανδας
1569 1535 1748 1575 ’Ῑανουα-

172 1610 258 1660 ρίας
291 1612 508 1662 καλοῦσιν,
543 1609 574 1649 οἱ
609 1611 750 1658 πρῶτοι
787 1607 1074 1654 κατεςοέθησαν
1108 1605 1255 1648 ὕπατοι
1289 1611 1364 1647 τῶν
1397 1606 1602 1654 βασιλέων
1631 1604 1748 1644 ἐκπε-

171 1679 331 1722 σόντων.
399 1679 501 1730 Quis
544 1681 687 1720 autem
731 1676 873 1732 paullo
908 1676 1066 1718 doctior
1098 1678 1230 1718 nescit
1263 1691 1334 1718 sex
1367 1677 1539 1718 demum
1573 1673 1749 1716 saeculis

170 1758 263 1806 post
295 1749 451 1792 Urbem
485 1748 698 1790 conditam
734 1745 935 1789 Consules
965 1744 1160 1789 Calendis
1188 1746 1390 1788 Ianuariis
1416 1747 1616 1788 honorem
1643 1745 1750 1785 inire

173 1818 380 1876 coepisse?
425 1820 476 1861 cf.
510 1819 625 1861 Livii
657 1819 865 1872 Epitomen
900 1816 970 1859 47.
1033 1817 1321 1859 Romanorum
1355 1817 1525 1872 quidem
1558 1815 1602 1857 id
1632 1816 1750 1871 igno-

173 1893 294 1934 rabat
325 1904 461 1932 nemo.
509 1889 556 1931 In
586 1889 722 1930 Fastis
760 1887 971 1929 Verrianis
1001 1887 1160 1940 legitur
1192 1887 1239 1929 ad
1277 1885 1480 1929 Calendas
1511 1886 1749 1928 Ianuarias:

177 1975 274 2012 Quia
303 1974 354 2003 Eo
386 1973 456 2002 DIE
487 1970 589 2001 MAG.
624 1971 777 2000 mnunr
810 1969 919 2006 QUOD
953 1969 1097 1999 cossrrr
1133 1958 1199 2013 (A.
1236 1957 1305 2010 U.)
1338 1955 1382 1999 C.
1418 1958 1468 1998 A.
1505 1954 1611 1998 DCI.

234 2032 330 2074 Non
376 2032 519 2072 minus
566 2030 752 2086 graviter
797 2032 906 2070 errat
948 2027 1203 2069 Plutarchus
1245 2041 1338 2083 pag.
1375 2025 1462 2068 278
1491 2027 1526 2067 d.
1595 2025 1679 2067 Δια
1711 2024 1752 2067 τί

175 2107 250 2144 τῶν
295 2104 576 2152 συγκλητικῶν
620 2099 711 2144 τοὺς
760 2098 834 2148 μὲν
883 2099 1123 2149 πατέρας
1184 2096 1750 2148 συγγεγραμμένους,

176 2174 267 2219 τοὺς
310 2172 351 2214 δὲ
396 2172 537 2215 οὶπλῶς
581 2169 821 2221 πατέρας
864 2168 1176 2220 προσηγόρευον;
1223 2168 1394 2220 Quaerit
1429 2169 1634 2210 rationem
1665 2169 1750 2217 rei,

177 2258 281 2299 quae
322 2254 556 2296 numquam
600 2240 710 2281 facta
751 2240 820 2281 sit.
885 2238 988 2290 Quis
1028 2241 1140 2281 enim
1179 2241 1311 2281 nescit
1343 2240 1387 2280 in
1420 2240 1580 2280 curiam
1612 2239 1754 2281 vocari

177 2314 307 2356 solere
339 2324 409 2360 0111
439 2321 599 2352 PATREs
632 2321 785 2358 QmQUE
818 2320 1060 2351 conscmrm
1092 2321 1261 2351 Essnnr.
1310 2309 1461 2351 Livius
1478 2308 1530 2350 II.
1568 2308 1606 2350 1.
1642 2313 1752 2358 „tra-

179 2386 306 2425 ditam
336 2383 424 2423 inde
444 2382 589 2436 fertur
621 2385 664 2421 ut
695 2383 737 2420 in
771 2383 959 2420 Senatum
992 2384 1221 2421 vocarentur
1252 2382 1319 2434 qui
1337 2385 1475 2433 patres
1501 2382 1640 2434 quique
1666 2392 1753 2418 con-

178 2456 316 2507 scripti
356 2456 502 2501 essent;
546 2451 798 2505 conscriptos
837 2450 1015 2491 videlicet
1048 2453 1088 2490 in
1121 2464 1259 2490 novam
1291 2449 1473 2490 Senatum
1505 2449 1754 2503 appellabant

181 2522 332 2565 lectos.

238 2593 390 2635 Risum
426 2594 569 2633 movet
601 2591 736 2646 igitur
768 2588 1050 2632 Graecorum:
1094 2589 1120 2632 ὦ
1154 2590 1327 2639 πατέρες
1361 2588 1754 2640 συγγεγραμμένοι,

181 2669 222 2708 et
253 2662 363 2718 quod
396 2660 507 2716 apud
537 2659 814 2701 Plutarchum
844 2662 1034 2715 sequitur
1061 2661 1152 2707 τοὺς
1183 2660 1222 2702 δὲ
1250 2659 1382 2709 ὕςερον
1405 2659 1754 2710 ἐπεγγραφέντας

181 2736 225 2776 ἐκ
266 2738 341 2774 τῶν
385 2731 604 2780 δημοτικῶν
653 2730 1189 2781 συγγεγραμμένους
1239 2730 1481 2781 πατέρας
1527 2730 1754 2778 ὠνόμασαν.

181 2806 357 2847 Prorsus
394 2802 508 2858 fugit
538 2799 815 2842 Plutarchum
848 2802 908 2842 rei
940 2801 1280 2857 simplicissimae
1312 2802 1432 2843 ratio.
1497 2799 1757 2855 Opinabatur

184 2876 296 2918 enim
353 2871 536 2924 πατέρας
592 2870 675 2912 dici
721 2873 944 2922 universos,
1007 2872 1077 2914 sed
1126 2872 1309 2925 πατέρας
1355 2870 1754 2924 συγγεγραμμένους
