1946 3298
886 108 971 163 247

198 243 292 284 Lib.
323 241 436 286 XVI.
469 242 541 286 29.
575 243 613 286 2.
647 243 897 293 Θηβαῖοι-
917 242 1026 291 δίκην
1054 243 1286 294 ἐπήνεγκαν
1313 244 1368 290 εἷς
1397 243 1708 298 Ἀμφικτύονας

140 314 252 355 κατα
298 319 374 356 τῶν
421 318 693 367 Σπαρτιατῶν
741 311 800 355 ὅτι
845 314 1038 364 Φοιβίδας
1083 313 1346 364 κατελάβετο
1388 315 1460 362 την
1495 316 1710 367 Καδμείαν

140 389 232 425 ΚΑΙ
269 386 575 434 ΔΙετιμήσαντο
607 384 652 426 τὸ
686 384 869 435 ἀδίκημα
903 383 1119 426 ταλάντων
1152 385 1439 427 πεντακοσίων.
1489 386 1591 430 Dele
1623 403 1711 431 mo-

139 453 291 496 lestam
326 457 676 511 praepositionem
709 458 751 497 et
783 456 916 497 scribe
947 461 1041 497 KAI
1076 456 1338 506 ἐτιμήσαντο.

201 593 294 634 Lib.
339 593 449 637 XVI.
495 593 564 635 31.
610 593 650 636 2.
696 593 787 640 τοὺς
832 594 1032 640 ἐναντίους
1077 596 1269 644 ἐποίησαν
1308 598 1606 641 ΜΕΤΑθέσθαι
1640 605 1712 648 τῆς

142 663 397 715 ὑπερηφάνου
439 665 506 705 καὶ
551 664 676 712 δεινῆς
710 665 916 717 τιμωρίας.
981 665 1089 708 Vera
1120 666 1246 710 lectio
1279 672 1341 710 est
1372 670 1607 720 μεΘέσθαι,
1643 673 1714 714 sed

141 733 376 776 tralaticius
418 735 487 776 hic
530 739 592 777 est
634 736 865 777 scribarum
899 750 1035 786 error,
1068 741 1294 792 perpetuus
1323 739 1407 781 fere
1438 741 1482 781 in
1514 747 1713 784 καΘεῖναι

142 830 196 836 -
215 810 518 856 καΤΑΘεῖναι,
562 810 603 848 et
635 812 908 856 μεΘεῖναι-
927 813 1218 856 μεΤΑΘεῖναι.
1284 809 1419 852 Miror
1448 810 1714 854 Dindorfium

141 876 192 918 ad
236 875 304 918 ST.
347 875 425 917 ΤΗ.
463 875 604 918 locum
637 878 855 933 integrum
888 891 975 919 esse
1006 881 1168 933 putare.
1232 879 1316 921 Ubi
1351 881 1494 923 docuit
1526 883 1609 924 dici
1641 901 1714 934 με-

140 946 331 988 ταθέσθαι
373 948 445 995 την
478 947 640 997 γνώμην
674 947 814 989 addit:
851 963 962 998 „eum
989 949 1164 1001 ,qenitivo
1198 951 1400 993 Diodorus
1434 952 1500 994 16.
1538 952 1607 996 31.
1641 971 1714 1005 με-

139 1018 331 1059 ταθέσθαι
351 1018 658 1070 -τιμωρίας.”
719 1019 796 1061 Est
827 1020 941 1061 enim
974 1019 1133 1075 aliquid
1168 1022 1278 1063 inter
1311 1024 1603 1071 μετατίθεσθαι
1641 1027 1713 1074 τήν

139 1090 302 1139 γνώμην
328 1089 556 1130 sententiam
584 1094 735 1131 mutare
762 1094 803 1131 et
829 1090 1041 1140 μεθίεσθαί
1067 1107 1169 1139 τινος
1203 1093 1248 1132 ab
1281 1093 1420 1148 aliqua
1447 1109 1489 1136 re
1515 1096 1711 1138 desistere.

137 1159 220 1202 Sed
252 1160 515 1211 admonitus,
549 1165 612 1203 sat
645 1163 752 1211 scio,
787 1162 1068 1212 μεταθήσεται
1102 1164 1173 1211 τήν
1206 1163 1383 1214 γνώμην,

198 1300 289 1343 Lib.
337 1300 450 1342 XVI.
496 1300 566 1342 88.
613 1301 652 1342 1.
699 1302 931 1357 (Lyeurqus)
971 1303 1048 1343 τῶν
1080 1302 1173 1344 τότε
1206 1301 1372 1355 ῥητόρων
1405 1303 1573 1354 μέγιςον
1607 1304 1712 1360 ἔχων

140 1370 306 1421 ἀξίωμα
349 1371 416 1413 καὶ
464 1371 616 1413 δώδεκα
650 1372 718 1421 ἔτη
750 1373 827 1419 τας
861 1373 1073 1424 προσόδους
1106 1378 1177 1421 τῆς
1212 1373 1368 1421 πόλεως
1403 1374 1618 1424 διοικήσας.
1666 1377 1714 1419 In

139 1457 314 1500 gravem
348 1456 527 1485 errorem
560 1457 602 1485 se
634 1443 774 1485 induit
807 1443 1057 1501 Wesseling.
1095 1458 1294 1500 reponens
1321 1447 1616 1488 πεντεκαίδεκα
1644 1447 1712 1496 ἔτη

138 1528 212 1569 pro
247 1511 424 1563 δώδεκα,
461 1515 559 1569 quia
590 1515 634 1555 in
662 1514 955 1569 Psephismate
983 1515 1094 1570 apud
1122 1515 1400 1557 Plutarchum
1429 1531 1524 1574 pag.
1554 1517 1656 1560 852.
1678 1535 1715 1563 a.

137 1585 320 1642 legerat:
353 1585 584 1641 (Lyeuryus)
614 1584 828 1635 γενόμενος
858 1590 930 1632 τῆς
960 1592 1088 1634 κοινῆς
1115 1587 1302 1637 προσόδου
1332 1587 1488 1638 ταμίας
1516 1595 1566 1641 τῇ
1597 1588 1714 1632 πόλει

138 1657 204 1697 ἐπὶ
238 1661 343 1708 τρεῖς
377 1655 764 1707 ΠΕΝΤΕτηρίδας,
797 1670 931 1711 neque
965 1657 1182 1699 commode
1214 1658 1454 1700 recordatus
1484 1663 1545 1701 est
1573 1677 1713 1704 πεντε-

138 1726 276 1778 τηρίδα
319 1740 406 1768 esse
448 1728 633 1781 spatium
668 1740 871 1769 annorum
907 1739 1124 1782 QUATUOR,
1158 1729 1219 1770 ita
1251 1729 1414 1771 dictum
1448 1732 1546 1785 quia
1577 1732 1713 1787 quinto

138 1813 286 1854 quoque
329 1812 430 1838 anno
471 1799 770 1853 renovabatur,
816 1802 866 1840 ut
907 1798 1000 1840 ludi
1036 1798 1253 1855 Olympici
1288 1799 1338 1841 δι’
1374 1799 1484 1848 ἔτους
1520 1802 1711 1851 πέμπτου

139 1869 468 1912 celebrabantur.
531 1868 579 1910 In
612 1869 789 1911 eundem
823 1883 1004 1912 errorem
1038 1869 1282 1925 implicatus
1315 1874 1376 1912 est
1408 1873 1444 1913 is
1477 1874 1549 1927 qui
1578 1873 1652 1915 has
1680 1880 1712 1915 X

146 1941 350 1981 Oratorum
386 1943 487 1981 vitas
530 1941 858 1995 consarcinavit,
904 1940 1015 1995 apud
1057 1954 1182 1995 quem
1225 1940 1385 1998 legitur
1422 1955 1519 1999 pag.
1555 1941 1655 1985 841.
1677 1955 1713 1988 c.

137 2010 276 2068 legem
318 2011 446 2054 fuisse
489 2012 546 2063 μη
588 2012 714 2054 πλείω
749 2018 946 2054 ΠΕΝΤΕ
978 2013 1073 2053 ἐτῶν
1107 2011 1255 2054 διέπειν
1287 2012 1355 2054 τὸν
1386 2014 1713 2065 χειροτονηθέντα

138 2081 202 2124 ἐπὶ
246 2082 301 2124 τα
342 2081 515 2132 δημόσια
549 2084 778 2136 χρήματα,
814 2083 886 2126 sed
917 2087 958 2125 et
990 2097 1191 2125 numerus
1225 2097 1428 2126 annorum
1461 2086 1640 2128 vitiosus
1671 2089 1713 2128 et

136 2152 205 2196 lex
233 2154 323 2209 ipsa
354 2155 647 2196 commenticia
679 2158 754 2196 est.

198 2292 291 2336 Lib.
323 2293 438 2336 XVI.
473 2293 544 2338 90.
579 2294 617 2336 l.
652 2294 904 2352 legendum:
935 2295 951 2337 ὅ
982 2294 1106 2345 δῆμος
1132 2295 1148 2337 ὃ
1178 2296 1429 2347 Συρακοσίων
1454 2297 1711 2348 Τιμολέοντα

141 2369 508 2406 ΤΙΜΛΙΝΕΤΟΤ
553 2371 869 2408 ΚΟΡΙΝΘΙΟΝ
925 2366 1036 2408 τόνδε
1092 2366 1238 2409 θάπτει
1282 2368 1357 2417 μὲν
1389 2368 1470 2410 ἀπὸ
1505 2369 1712 2413 διακοσίων

140 2439 268 2484 μνῶν,
317 2436 482 2486 ἐτίμησε
533 2436 572 2478 δὲ
621 2437 677 2483 εἷς
724 2436 790 2478 τὸν
834 2435 1005 2479 ἅπαντα
1049 2436 1188 2489 χρόνον
1231 2440 1360 2488 ἀγῶσι
1407 2446 1608 2490 μουσικοῖς
1642 2442 1710 2484 καὶ

142 2506 320 2553 ἱππικοῖς
352 2507 420 2548 καὶ
456 2512 684 2557 γυμνικοῖς.
751 2507 937 2564 Vulgata
967 2508 1093 2550 lectio
1126 2512 1188 2550 est
1220 2508 1236 2550 ὁ
1269 2510 1392 2559 δῆμος
1424 2514 1500 2552 τῶν
1533 2518 1711 2562 Συρακο·

141 2577 232 2619 σίων
277 2577 534 2628 Τιμολέοντα
577 2581 703 2627 τιμάν
747 2579 922 2627 ἐτήσιον·
969 2582 1108 2621 τοῦτον
1152 2580 1192 2621 δὲ
1236 2580 1416 2622 θάπτειν.
1460 2582 1509 2623 of.
1544 2582 1713 2626 Plutar-

142 2648 267 2690 chum
297 2650 342 2690 in
373 2650 463 2691 vita
499 2648 747 2690 Timoleontis
779 2663 867 2705 cap.
903 2648 973 2692 39.
1022 2649 1086 2692 Ex
1119 2650 1266 2693 eodem
1297 2651 1518 2694 Plutarchi
1547 2652 1638 2696 loco
1671 2659 1713 2697 et

141 2718 222 2761 alia
253 2720 363 2775 apud
393 2718 625 2762 Diodorum
659 2721 874 2762 emendari
903 2721 1055 2763 debent
1088 2726 1129 2763 et
1160 2723 1316 2764 sarciri.
1381 2721 1429 2764 In
1466 2725 1711 2778 praeceden-

141 2789 256 2830 tibus
297 2791 376 2831 sic:
419 2791 532 2832 κατα
575 2792 647 2840 τὴν
691 2792 866 2844 ἐκφοράν
909 2791 1174 2844 ἀθροισθέντος
1217 2795 1286 2834 τοῦ
1331 2793 1504 2842 πλήθους
1541 2794 1632 2838 τόδε
1664 2796 1709 2837 τὸ

143 2860 346 2914 ψήφισμα
387 2861 633 2915 ἀνηγόρευσε
677 2863 926 2915 (Δημήτριος
977 2864 993 2905 0‘
1043 2863 1446 2918 μεγαλοφωνότατος
1495 2870 1570 2907 τῶν
1618 2866 1710 2909 τότε
