<?xml version="1.0" encoding="UTF-8"?>
<!DOCTYPE html PUBLIC "-//W3C//DTD XHTML 1.0 Transitional//EN"
    "http://www.w3.org/TR/xhtml1/DTD/xhtml1-transitional.dtd">
<html xmlns="http://www.w3.org/1999/xhtml" xml:lang="en" lang="en">
 <head>
  <title>
</title>
<meta http-equiv="Content-Type" content="text/html;charset=utf-8" />
  <meta name='ocr-system' content='tesseract 3.04.00' />
  <meta name='ocr-capabilities' content='ocr_page ocr_carea ocr_par ocr_line ocrx_word'/>
</head>
<body>
  <div class='ocr_page' id='page_1' title='image "./collectaneacriti00cobeuoft_0029.png"; bbox 0 0 1946 3298; ppageno 0'>
   <div class='ocr_carea' id='block_1_1' title="bbox 971 154 1024 197">
    <p class='ocr_par' dir='ltr' id='par_1_1' title="bbox 971 154 1024 197">
     <span class='ocr_line' id='line_1_1' title="bbox 971 154 1024 197; baseline -0.019 0"><span class='ocrx_word' id='word_1_1' title='bbox 971 154 1024 197; x_wconf 87' lang='lat'><strong>11</strong></span> 
     </span>
    </p>
   </div>
   <div class='ocr_carea' id='block_1_2' title="bbox 210 276 1786 687">
    <p class='ocr_par' dir='ltr' id='par_1_2' title="bbox 210 276 1783 399">
     <span class='ocr_line' id='line_1_2' title="bbox 210 276 1783 330; baseline -0.001 -7"><span class='ocrx_word' id='word_1_2' title='bbox 210 282 288 324; x_wconf 87' lang='lat' dir='ltr'><strong>hac</strong></span> <span class='ocrx_word' id='word_1_3' title='bbox 320 281 527 323; x_wconf 78' lang='lat' dir='ltr'><strong>sententia</strong></span> <span class='ocrx_word' id='word_1_4' title='bbox 559 277 884 328; x_wconf 60' lang='grc' dir='ltr'><em>ἐκπληττόμενος</em></span> <span class='ocrx_word' id='word_1_5' title='bbox 918 278 963 319; x_wconf 86' lang='lat' dir='ltr'><strong>id</strong></span> <span class='ocrx_word' id='word_1_6' title='bbox 995 281 1055 319; x_wconf 78' lang='lat' dir='ltr'><strong>est</strong></span> <span class='ocrx_word' id='word_1_7' title='bbox 1091 276 1423 330; x_wconf 68' lang='grc' dir='ltr'><em>ὑπερθαυμαζων.</em></span> <span class='ocrx_word' id='word_1_8' title='bbox 1472 279 1638 321; x_wconf 76' lang='lat' dir='ltr'>Dixisse</span> <span class='ocrx_word' id='word_1_9' title='bbox 1669 279 1783 322; x_wconf 85' lang='lat' dir='ltr'><strong>vide—</strong></span> 
     </span>
     <span class='ocr_line' id='line_1_3' title="bbox 211 350 685 399; baseline -0.008 -5"><span class='ocrx_word' id='word_1_10' title='bbox 211 356 281 394; x_wconf 89' lang='lat' dir='ltr'><strong>tur</strong></span> <span class='ocrx_word' id='word_1_11' title='bbox 314 350 685 399; x_wconf 80' lang='grc' dir='ltr'><em>ἒκΛΟΓΙΖόμενος.</em></span> 
     </span>
    </p>

    <p class='ocr_par' dir='ltr' id='par_1_3' title="bbox 211 417 1786 687">
     <span class='ocr_line' id='line_1_4' title="bbox 270 417 1784 476; baseline -0.001 -14"><span class='ocrx_word' id='word_1_12' title='bbox 270 421 373 464; x_wconf 81' lang='lat' dir='ltr'><strong>Post</strong></span> <span class='ocrx_word' id='word_1_13' title='bbox 412 434 565 476; x_wconf 85' lang='lat' dir='ltr'><strong>paucos</strong></span> <span class='ocrx_word' id='word_1_14' title='bbox 606 434 751 463; x_wconf 80' lang='lat' dir='ltr'><strong>versus</strong></span> <span class='ocrx_word' id='word_1_15' title='bbox 793 419 843 461; x_wconf 88' lang='lat' dir='ltr'><strong>de</strong></span> <span class='ocrx_word' id='word_1_16' title='bbox 886 417 1030 460; x_wconf 87' lang='lat' dir='ltr'><strong>Attalo</strong></span> <span class='ocrx_word' id='word_1_17' title='bbox 1071 419 1247 460; x_wconf 86' lang='lat' dir='ltr'><strong>comiter</strong></span> <span class='ocrx_word' id='word_1_18' title='bbox 1294 432 1318 460; x_wconf 90' lang='lat' dir='ltr'><strong>a</strong></span> <span class='ocrx_word' id='word_1_19' title='bbox 1364 418 1567 460; x_wconf 83' lang='lat' dir='ltr'><strong>Romanis</strong></span> <span class='ocrx_word' id='word_1_20' title='bbox 1614 423 1784 474; x_wconf 84' lang='lat' dir='ltr'><strong>excepto</strong></span> 
     </span>
     <span class='ocr_line' id='line_1_5' title="bbox 211 489 1784 545; baseline -0.002 -11"><span class='ocrx_word' id='word_1_21' title='bbox 211 492 414 534; x_wconf 79' lang='lat' dir='ltr'><strong>Scribens:</strong></span> <span class='ocrx_word' id='word_1_22' title='bbox 449 491 518 533; x_wconf 75' lang='grc' dir='ltr'><em>καὶ</em></span> <span class='ocrx_word' id='word_1_23' title='bbox 552 490 666 537; x_wconf 88' lang='grc' dir='ltr'><em>τέλος</em></span> <span class='ocrx_word' id='word_1_24' title='bbox 703 490 871 545; x_wconf 89' lang='lat' dir='ltr'><strong>(inquit)</strong></span> <span class='ocrx_word' id='word_1_25' title='bbox 901 489 1130 540; x_wconf 66' lang='grc' dir='ltr'><em>ἀποκρίσεις</em></span> <span class='ocrx_word' id='word_1_26' title='bbox 1165 489 1295 534; x_wconf 79' lang='grc' dir='ltr'><em>δόντες</em></span> <span class='ocrx_word' id='word_1_27' title='bbox 1324 490 1434 540; x_wconf 76' lang='grc' dir='ltr'><em>αὐτῷ</em></span> <span class='ocrx_word' id='word_1_28' title='bbox 1463 489 1784 541; x_wconf 76' lang='grc' dir='ltr'><em>φιλανθρώπΩΟ</em></span> 
     </span>
     <span class='ocr_line' id='line_1_6' title="bbox 213 559 1786 614; baseline -0.002 -10"><span class='ocrx_word' id='word_1_29' title='bbox 213 562 453 606; x_wconf 71' lang='grc' dir='ltr'><em>ἀπέςειλαν.</em></span> <span class='ocrx_word' id='word_1_30' title='bbox 518 561 580 602; x_wconf 91' lang='lat' dir='ltr'><strong>De</strong></span> <span class='ocrx_word' id='word_1_31' title='bbox 611 574 727 602; x_wconf 88' lang='lat' dir='ltr'><strong>more</strong></span> <span class='ocrx_word' id='word_1_32' title='bbox 755 561 975 614; x_wconf 74' lang='lat' dir='ltr'><strong>scripserat</strong></span> <span class='ocrx_word' id='word_1_33' title='bbox 1006 559 1237 610; x_wconf 66' lang='grc' dir='ltr'><em>ἀποκρίσεις</em></span> <span class='ocrx_word' id='word_1_34' title='bbox 1271 560 1380 611; x_wconf 77' lang='grc' dir='ltr'><em>αὐτῷ</em></span> <span class='ocrx_word' id='word_1_35' title='bbox 1408 559 1537 606; x_wconf 78' lang='grc' dir='ltr'><em>δόντες</em></span> <span class='ocrx_word' id='word_1_36' title='bbox 1565 562 1786 612; x_wconf 81' lang='grc' dir='ltr'><em>φιλανθρώ-</em></span> 
     </span>
     <span class='ocr_line' id='line_1_7' title="bbox 212 631 1178 687; baseline -0.004 -12"><span class='ocrx_word' id='word_1_37' title='bbox 212 639 356 675; x_wconf 74' lang='grc' dir='ltr'><em>πΟΥΟ</em></span> <span class='ocrx_word' id='word_1_38' title='bbox 388 646 567 686; x_wconf 73' lang='lat' dir='ltr'><strong>responso</strong></span> <span class='ocrx_word' id='word_1_39' title='bbox 598 631 780 687; x_wconf 82' lang='lat' dir='ltr'><strong>benigno</strong></span> <span class='ocrx_word' id='word_1_40' title='bbox 812 631 903 670; x_wconf 79' lang='lat' dir='ltr'><strong>dato</strong></span> <span class='ocrx_word' id='word_1_41' title='bbox 935 631 1178 671; x_wconf 72' lang='lat' dir='ltr'><strong>dimiserunt.</strong></span> 
     </span>
    </p>
   </div>
   <div class='ocr_carea' id='block_1_3' title="bbox 207 808 1789 1360">
    <p class='ocr_par' dir='ltr' id='par_1_4' title="bbox 207 808 1789 1360">
     <span class='ocr_line' id='line_1_8' title="bbox 273 808 1786 866; baseline -0.001 -13"><span class='ocrx_word' id='word_1_42' title='bbox 273 811 335 853; x_wconf 87' lang='lat' dir='ltr'><strong>De</strong></span> <span class='ocrx_word' id='word_1_43' title='bbox 378 825 421 852; x_wconf 89' lang='lat' dir='ltr'><strong>re</strong></span> <span class='ocrx_word' id='word_1_44' title='bbox 462 812 553 866; x_wconf 82' lang='lat' dir='ltr'><strong>ipsa</strong></span> <span class='ocrx_word' id='word_1_45' title='bbox 593 824 690 866; x_wconf 83' lang='lat' dir='ltr'><strong>pag.</strong></span> <span class='ocrx_word' id='word_1_46' title='bbox 742 808 853 851; x_wconf 87' lang='lat'>1033</span> <span class='ocrx_word' id='word_1_47' title='bbox 895 811 955 851; x_wconf 86' lang='lat' dir='ltr'><strong>ita</strong></span> <span class='ocrx_word' id='word_1_48' title='bbox 986 811 1154 851; x_wconf 75' lang='lat' dir='ltr'><strong>scribit:</strong></span> <span class='ocrx_word' id='word_1_49' title='bbox 1191 810 1292 851; x_wconf 81' lang='grc' dir='ltr'><em>δυοῖν</em></span> <span class='ocrx_word' id='word_1_50' title='bbox 1324 810 1363 852; x_wconf 79' lang='grc' dir='ltr'><strong>δὲ</strong></span> <span class='ocrx_word' id='word_1_51' title='bbox 1396 809 1684 861; x_wconf 69' lang='grc' dir='ltr'><em>συγκρινόντων</em></span> <span class='ocrx_word' id='word_1_52' title='bbox 1716 813 1786 852; x_wconf 78' lang='grc' dir='ltr'><em>τοῦ</em></span> 
     </span>
     <span class='ocr_line' id='line_1_9' title="bbox 213 877 1789 933; baseline 0 -10"><span class='ocrx_word' id='word_1_53' title='bbox 213 883 287 933; x_wconf 82' lang='grc' dir='ltr'><strong>μὲν</strong></span> <span class='ocrx_word' id='word_1_54' title='bbox 323 880 653 933; x_wconf 68' lang='grc' dir='ltr'><em>πανουργοτάτου</em></span> <span class='ocrx_word' id='word_1_55' title='bbox 688 882 890 926; x_wconf 78' lang='grc' dir='ltr'><em>δοκοῦντος</em></span> <span class='ocrx_word' id='word_1_56' title='bbox 925 877 1025 921; x_wconf 75' lang='grc' dir='ltr'><em>εἶναι</em></span> <span class='ocrx_word' id='word_1_57' title='bbox 1059 883 1127 921; x_wconf 77' lang='grc' dir='ltr'><em>τοῦ</em></span> <span class='ocrx_word' id='word_1_58' title='bbox 1156 881 1197 922; x_wconf 77' lang='grc' dir='ltr'><strong>δὲ</strong></span> <span class='ocrx_word' id='word_1_59' title='bbox 1224 881 1593 932; x_wconf 73' lang='grc' dir='ltr'><em>Φιλαργυρωτατου</em></span> <span class='ocrx_word' id='word_1_60' title='bbox 1622 882 1789 931; x_wconf 74' lang='grc' dir='ltr'><em>γελοίαν</em></span> 
     </span>
     <span class='ocr_line' id='line_1_10' title="bbox 214 949 1786 1004; baseline 0 -10"><span class='ocrx_word' id='word_1_61' title='bbox 214 952 428 1002; x_wconf 80' lang='grc' dir='ltr'><em>συνέβαινε</em></span> <span class='ocrx_word' id='word_1_62' title='bbox 460 952 641 1002; x_wconf 65' lang='grc' dir='ltr'><em>γίνεσθαι</em></span> <span class='ocrx_word' id='word_1_63' title='bbox 676 952 747 999; x_wconf 69' lang='grc' dir='ltr'><strong>τὴν</strong></span> <span class='ocrx_word' id='word_1_64' title='bbox 782 949 996 1004; x_wconf 68' lang='grc' dir='ltr'><em>διαμάχην</em></span> <span class='ocrx_word' id='word_1_65' title='bbox 1029 953 1176 993; x_wconf 79' lang='grc' dir='ltr'><em>αὐτῶν.</em></span> <span class='ocrx_word' id='word_1_66' title='bbox 1223 951 1335 993; x_wconf 86' lang='lat' dir='ltr'><strong>Hinc</strong></span> <span class='ocrx_word' id='word_1_67' title='bbox 1362 951 1510 993; x_wconf 78' lang='lat' dir='ltr'><strong>Livius</strong></span> <span class='ocrx_word' id='word_1_68' title='bbox 1535 952 1686 994; x_wconf 88' lang='lat' dir='ltr'>XLIV.</span> <span class='ocrx_word' id='word_1_69' title='bbox 1715 952 1786 994; x_wconf 76' lang='grc'><strong>24.</strong></span> 
     </span>
     <span class='ocr_line' id='line_1_11' title="bbox 213 1022 1788 1077; baseline 0 -13"><span class='ocrx_word' id='word_1_70' title='bbox 213 1022 456 1077; x_wconf 75' lang='lat' dir='ltr'>(Eumenes)</span> <span class='ocrx_word' id='word_1_71' title='bbox 492 1022 675 1076; x_wconf 73' lang='lat' dir='ltr'><em>proditor</em></span> <span class='ocrx_word' id='word_1_72' title='bbox 721 1037 767 1062; x_wconf 78' lang='lat' dir='ltr'><strong>ae</strong></span> <span class='ocrx_word' id='word_1_73' title='bbox 795 1036 919 1076; x_wconf 72' lang='lat' dir='ltr'><strong>prope</strong></span> <span class='ocrx_word' id='word_1_74' title='bbox 956 1023 1076 1063; x_wconf 66' lang='lat' dir='ltr'><strong>tostis</strong></span> <span class='ocrx_word' id='word_1_75' title='bbox 1106 1023 1263 1064; x_wconf 67' lang='lat' dir='ltr'><strong>babitus</strong></span> <span class='ocrx_word' id='word_1_76' title='bbox 1294 1024 1384 1063; x_wconf 79' lang='lat' dir='ltr'><strong>dum</strong></span> <span class='ocrx_word' id='word_1_77' title='bbox 1416 1023 1521 1064; x_wconf 70' lang='lat' dir='ltr'><strong>inter</strong></span> <span class='ocrx_word' id='word_1_78' title='bbox 1550 1038 1591 1064; x_wconf 72' lang='lat' dir='ltr'><strong>se</strong></span> <span class='ocrx_word' id='word_1_79' title='bbox 1621 1024 1697 1064; x_wconf 80' lang='lat' dir='ltr'><strong>duo</strong></span> <span class='ocrx_word' id='word_1_80' title='bbox 1729 1038 1788 1064; x_wconf 78' lang='lat' dir='ltr'><strong>re-</strong></span> 
     </span>
     <span class='ocr_line' id='line_1_12' title="bbox 207 1092 1788 1148; baseline 0 -14"><span class='ocrx_word' id='word_1_81' title='bbox 207 1108 274 1146; x_wconf 69' lang='lat' dir='ltr'><strong>yes</strong></span> <span class='ocrx_word' id='word_1_82' title='bbox 305 1097 503 1146; x_wconf 55' lang='lat' dir='ltr'><strong>captante&amp;</strong></span> <span class='ocrx_word' id='word_1_83' title='bbox 521 1093 682 1148; x_wconf 79' lang='lat' dir='ltr'><strong>fraude</strong></span> <span class='ocrx_word' id='word_1_84' title='bbox 713 1098 748 1133; x_wconf 84' lang='lat' dir='ltr'><strong>et</strong></span> <span class='ocrx_word' id='word_1_85' title='bbox 781 1092 953 1133; x_wconf 68' lang='lat' dir='ltr'><strong>avaritia</strong></span> <span class='ocrx_word' id='word_1_86' title='bbox 985 1097 1147 1134; x_wconf 80' lang='lat' dir='ltr'><strong>certant.</strong></span> <span class='ocrx_word' id='word_1_87' title='bbox 1214 1093 1509 1143; x_wconf 71' lang='grc' dir='ltr'><em>Συγκρινόντων</em></span> <span class='ocrx_word' id='word_1_88' title='bbox 1538 1093 1788 1135; x_wconf 84' lang='lat' dir='ltr'><strong>mendosum</strong></span> 
     </span>
     <span class='ocr_line' id='line_1_13' title="bbox 214 1163 1789 1219; baseline 0 -15"><span class='ocrx_word' id='word_1_89' title='bbox 214 1167 298 1217; x_wconf 75' lang='lat' dir='ltr'><strong>est,</strong></span> <span class='ocrx_word' id='word_1_90' title='bbox 341 1163 411 1204; x_wconf 79' lang='lat' dir='ltr'><strong>sed</strong></span> <span class='ocrx_word' id='word_1_91' title='bbox 452 1163 561 1204; x_wconf 90' lang='grc'>1111111</span> <span class='ocrx_word' id='word_1_92' title='bbox 603 1163 713 1218; x_wconf 90' lang='lat' dir='ltr'><strong>quod</strong></span> <span class='ocrx_word' id='word_1_93' title='bbox 756 1163 941 1218; x_wconf 82' lang='lat' dir='ltr'>aliquam</span> <span class='ocrx_word' id='word_1_94' title='bbox 986 1165 1075 1205; x_wconf 86' lang='lat' dir='ltr'><strong>veri</strong></span> <span class='ocrx_word' id='word_1_95' title='bbox 1117 1166 1299 1218; x_wconf 78' lang='lat' dir='ltr'><strong>speciem</strong></span> <span class='ocrx_word' id='word_1_96' title='bbox 1340 1165 1492 1206; x_wconf 87' lang='lat' dir='ltr'><strong>habeat</strong></span> <span class='ocrx_word' id='word_1_97' title='bbox 1525 1178 1548 1206; x_wconf 90' lang='lat' dir='ltr'><strong>a</strong></span> <span class='ocrx_word' id='word_1_98' title='bbox 1579 1177 1789 1219; x_wconf 87' lang='lat' dir='ltr'><strong>quoquam</strong></span> 
     </span>
     <span class='ocr_line' id='line_1_14' title="bbox 212 1233 1789 1288; baseline 0 -13"><span class='ocrx_word' id='word_1_99' title='bbox 212 1237 441 1288; x_wconf 85' lang='lat' dir='ltr'><strong>repertum.</strong></span> <span class='ocrx_word' id='word_1_100' title='bbox 505 1234 716 1281; x_wconf 86' lang='grc' dir='ltr'><em>Ζητητέον.</em></span> <span class='ocrx_word' id='word_1_101' title='bbox 779 1233 862 1275; x_wconf 90' lang='lat' dir='ltr'><strong>Pro</strong></span> <span class='ocrx_word' id='word_1_102' title='bbox 906 1236 976 1280; x_wconf 81' lang='grc' dir='ltr'><strong>την</strong></span> <span class='ocrx_word' id='word_1_103' title='bbox 1019 1234 1232 1286; x_wconf 72' lang='grc' dir='ltr'><em>διαμάχην</em></span> <span class='ocrx_word' id='word_1_104' title='bbox 1274 1234 1415 1277; x_wconf 84' lang='lat' dir='ltr'><strong>Maius</strong></span> <span class='ocrx_word' id='word_1_105' title='bbox 1458 1236 1528 1282; x_wconf 76' lang='grc' dir='ltr'><strong>την</strong></span> <span class='ocrx_word' id='word_1_106' title='bbox 1572 1234 1611 1276; x_wconf 80' lang='grc' dir='ltr'><strong>δὲ</strong></span> <span class='ocrx_word' id='word_1_107' title='bbox 1644 1234 1789 1285; x_wconf 71' lang='grc' dir='ltr'><em>μάχην</em></span> 
     </span>
     <span class='ocr_line' id='line_1_15' title="bbox 211 1304 1694 1360; baseline 0 -14"><span class='ocrx_word' id='word_1_108' title='bbox 211 1304 293 1346; x_wconf 81' lang='lat' dir='ltr'><strong>sibi</strong></span> <span class='ocrx_word' id='word_1_109' title='bbox 324 1305 441 1347; x_wconf 79' lang='lat' dir='ltr'><strong>visus</strong></span> <span class='ocrx_word' id='word_1_110' title='bbox 472 1307 533 1346; x_wconf 81' lang='lat' dir='ltr'><strong>est</strong></span> <span class='ocrx_word' id='word_1_111' title='bbox 566 1304 730 1354; x_wconf 85' lang='lat' dir='ltr'><strong>videre,</strong></span> <span class='ocrx_word' id='word_1_112' title='bbox 764 1318 908 1347; x_wconf 82' lang='lat' dir='ltr'><strong>veram</strong></span> <span class='ocrx_word' id='word_1_113' title='bbox 940 1305 1191 1359; x_wconf 75' lang='lat' dir='ltr'><strong>scripturam</strong></span> <span class='ocrx_word' id='word_1_114' title='bbox 1222 1307 1434 1360; x_wconf 75' lang='lat' dir='ltr'><strong>perspexit</strong></span> <span class='ocrx_word' id='word_1_115' title='bbox 1464 1305 1694 1346; x_wconf 81' lang='lat' dir='ltr'><strong>Bekkerus.</strong></span> 
     </span>
    </p>
   </div>
   <div class='ocr_carea' id='block_1_4' title="bbox 216 1472 1802 2941">
    <p class='ocr_par' dir='ltr' id='par_1_5' title="bbox 216 1472 1798 2306">
     <span class='ocr_line' id='line_1_16' title="bbox 276 1472 1792 1528; baseline 0 -13"><span class='ocrx_word' id='word_1_116' title='bbox 276 1473 496 1528; x_wconf 78' lang='lat' dir='ltr'><strong>Sequitur:</strong></span> <span class='ocrx_word' id='word_1_117' title='bbox 531 1475 547 1514; x_wconf 79' lang='grc' dir='ltr'><em>ὁ</em></span> <span class='ocrx_word' id='word_1_118' title='bbox 581 1474 653 1523; x_wconf 83' lang='grc' dir='ltr'><strong>μὲν</strong></span> <span class='ocrx_word' id='word_1_119' title='bbox 687 1473 768 1524; x_wconf 73' lang='grc' dir='ltr'><em>γαρ</em></span> <span class='ocrx_word' id='word_1_120' title='bbox 801 1472 987 1523; x_wconf 79' lang='grc' dir='ltr'><em>Εὐμένης</em></span> <span class='ocrx_word' id='word_1_121' title='bbox 1020 1476 1160 1514; x_wconf 70' lang='grc' dir='ltr'><em>πᾶσαν</em></span> <span class='ocrx_word' id='word_1_122' title='bbox 1194 1474 1343 1515; x_wconf 81' lang='grc' dir='ltr'><em>ἐλπίδα</em></span> <span class='ocrx_word' id='word_1_123' title='bbox 1378 1473 1581 1524; x_wconf 79' lang='grc' dir='ltr'><em>προῦτεινε</em></span> <span class='ocrx_word' id='word_1_124' title='bbox 1612 1473 1678 1514; x_wconf 73' lang='grc' dir='ltr'><em>καὶ</em></span> <span class='ocrx_word' id='word_1_125' title='bbox 1708 1476 1792 1515; x_wconf 68' lang='grc' dir='ltr'><strong>πᾶν</strong></span> 
     </span>
     <span class='ocr_line' id='line_1_17' title="bbox 216 1542 1793 1595; baseline -0.001 -10"><span class='ocrx_word' id='word_1_126' title='bbox 216 1544 330 1594; x_wconf 69' lang='grc' dir='ltr'><em>γένος</em></span> <span class='ocrx_word' id='word_1_127' title='bbox 379 1545 568 1590; x_wconf 88' lang='grc' dir='ltr'><em>δελέατος</em></span> <span class='ocrx_word' id='word_1_128' title='bbox 613 1544 868 1595; x_wconf 75' lang='grc' dir='ltr'><em>ὑπερήτει</em></span> <span class='ocrx_word' id='word_1_129' title='bbox 913 1543 1181 1593; x_wconf 82' lang='grc' dir='ltr'><em>πεπεισμένος</em></span> <span class='ocrx_word' id='word_1_130' title='bbox 1229 1545 1478 1595; x_wconf 84' lang='grc' dir='ltr'><em>θεραπεῖν</em></span> <span class='ocrx_word' id='word_1_131' title='bbox 1527 1545 1594 1585; x_wconf 83' lang='grc' dir='ltr'><strong>τὸν</strong></span> <span class='ocrx_word' id='word_1_132' title='bbox 1636 1542 1793 1595; x_wconf 83' lang='grc' dir='ltr'><em>Περσέα</em></span> 
     </span>
     <span class='ocr_line' id='line_1_18' title="bbox 216 1613 1792 1666; baseline -0.001 -9"><span class='ocrx_word' id='word_1_133' title='bbox 216 1621 309 1661; x_wconf 86' lang='grc' dir='ltr'><em>ταῖς</em></span> <span class='ocrx_word' id='word_1_134' title='bbox 359 1615 656 1665; x_wconf 70' lang='grc' dir='ltr'><em>ἐπαγγελίαις.</em></span> <span class='ocrx_word' id='word_1_135' title='bbox 730 1614 812 1657; x_wconf 89' lang='lat' dir='ltr'><strong>Pro</strong></span> <span class='ocrx_word' id='word_1_136' title='bbox 862 1615 1046 1666; x_wconf 72' lang='grc' dir='ltr'><em>ὑπερήτει</em></span> <span class='ocrx_word' id='word_1_137' title='bbox 1097 1613 1270 1657; x_wconf 78' lang='lat' dir='ltr'><strong>Geelius</strong></span> <span class='ocrx_word' id='word_1_138' title='bbox 1319 1613 1499 1666; x_wconf 82' lang='grc' dir='ltr'><em>ὑπηρέτει</em></span> <span class='ocrx_word' id='word_1_139' title='bbox 1547 1615 1792 1665; x_wconf 78' lang='lat' dir='ltr'><strong>substituit,</strong></span> 
     </span>
     <span class='ocr_line' id='line_1_19' title="bbox 216 1685 1793 1741; baseline -0.001 -14"><span class='ocrx_word' id='word_1_140' title='bbox 216 1685 327 1740; x_wconf 91' lang='lat' dir='ltr'><strong>quod</strong></span> <span class='ocrx_word' id='word_1_141' title='bbox 359 1685 576 1727; x_wconf 82' lang='lat' dir='ltr'><strong>Bckkerus</strong></span> <span class='ocrx_word' id='word_1_142' title='bbox 604 1687 760 1741; x_wconf 85' lang='lat' dir='ltr'><strong>recepit</strong></span> <span class='ocrx_word' id='word_1_143' title='bbox 823 1685 954 1727; x_wconf 89' lang='lat' dir='ltr'><strong>Aliud</strong></span> <span class='ocrx_word' id='word_1_144' title='bbox 986 1685 1086 1740; x_wconf 91' lang='lat' dir='ltr'><strong>quid</strong></span> <span class='ocrx_word' id='word_1_145' title='bbox 1119 1685 1245 1735; x_wconf 84' lang='lat' dir='ltr'><strong>latet,</strong></span> <span class='ocrx_word' id='word_1_146' title='bbox 1279 1699 1377 1727; x_wconf 86' lang='lat' dir='ltr'><strong>nam</strong></span> <span class='ocrx_word' id='word_1_147' title='bbox 1411 1685 1553 1737; x_wconf 76' lang='grc' dir='ltr'><em>δέλεαρ</em></span> <span class='ocrx_word' id='word_1_148' title='bbox 1586 1686 1793 1737; x_wconf 83' lang='grc' dir='ltr'><em>ὑπηρετεῖν</em></span> 
     </span>
     <span class='ocr_line' id='line_1_20' title="bbox 216 1755 1792 1811; baseline 0 -15"><span class='ocrx_word' id='word_1_149' title='bbox 216 1757 292 1797; x_wconf 89' lang='grc' dir='ltr'><em>τινί</em></span> <span class='ocrx_word' id='word_1_150' title='bbox 338 1755 442 1796; x_wconf 86' lang='lat' dir='ltr'><strong>nihil</strong></span> <span class='ocrx_word' id='word_1_151' title='bbox 489 1761 563 1798; x_wconf 77' lang='lat' dir='ltr'><strong>est.</strong></span> <span class='ocrx_word' id='word_1_152' title='bbox 658 1756 739 1798; x_wconf 91' lang='lat' dir='ltr'><strong>Pro</strong></span> <span class='ocrx_word' id='word_1_153' title='bbox 788 1757 992 1806; x_wconf 86' lang='grc' dir='ltr'><em>θεραπεῖν,</em></span> <span class='ocrx_word' id='word_1_154' title='bbox 1042 1757 1151 1811; x_wconf 89' lang='lat' dir='ltr'><strong>quod</strong></span> <span class='ocrx_word' id='word_1_155' title='bbox 1197 1756 1366 1811; x_wconf 82' lang='lat' dir='ltr'><strong>perinde</strong></span> <span class='ocrx_word' id='word_1_156' title='bbox 1412 1757 1660 1798; x_wconf 84' lang='lat' dir='ltr'><strong>mendosum</strong></span> <span class='ocrx_word' id='word_1_157' title='bbox 1709 1760 1792 1806; x_wconf 78' lang='lat' dir='ltr'><strong>est,</strong></span> 
     </span>
     <span class='ocr_line' id='line_1_21' title="bbox 217 1824 1795 1882; baseline -0.001 -13"><span class='ocrx_word' id='word_1_158' title='bbox 217 1824 390 1869; x_wconf 82' lang='lat' dir='ltr'><strong>Geelius</strong></span> <span class='ocrx_word' id='word_1_159' title='bbox 433 1827 663 1878; x_wconf 82' lang='grc' dir='ltr'><em>θεραπεύειν</em></span> <span class='ocrx_word' id='word_1_160' title='bbox 707 1829 905 1875; x_wconf 84' lang='grc'>601116611,</span> <span class='ocrx_word' id='word_1_161' title='bbox 951 1841 1098 1882; x_wconf 88' lang='lat' dir='ltr'><strong>parum</strong></span> <span class='ocrx_word' id='word_1_162' title='bbox 1129 1826 1318 1869; x_wconf 82' lang='lat' dir='ltr'><strong>feliciter.</strong></span> <span class='ocrx_word' id='word_1_163' title='bbox 1382 1827 1528 1882; x_wconf 87' lang='lat' dir='ltr'><strong>Neque</strong></span> <span class='ocrx_word' id='word_1_164' title='bbox 1559 1829 1671 1869; x_wconf 87' lang='lat' dir='ltr'><strong>enim</strong></span> <span class='ocrx_word' id='word_1_165' title='bbox 1706 1841 1795 1869; x_wconf 78' lang='lat' dir='ltr'><strong>sen-</strong></span> 
     </span>
     <span class='ocr_line' id='line_1_22' title="bbox 216 1897 1797 1952; baseline 0.001 -15"><span class='ocrx_word' id='word_1_166' title='bbox 216 1898 372 1938; x_wconf 87' lang='lat' dir='ltr'><strong>tentiae</strong></span> <span class='ocrx_word' id='word_1_167' title='bbox 415 1901 563 1952; x_wconf 89' lang='lat' dir='ltr'><strong>aptum</strong></span> <span class='ocrx_word' id='word_1_168' title='bbox 606 1898 683 1939; x_wconf 89' lang='lat' dir='ltr'><strong>hoc</strong></span> <span class='ocrx_word' id='word_1_169' title='bbox 726 1898 903 1939; x_wconf 86' lang='lat' dir='ltr'><strong>verbum</strong></span> <span class='ocrx_word' id='word_1_170' title='bbox 950 1902 1011 1939; x_wconf 77' lang='lat' dir='ltr'><strong>est</strong></span> <span class='ocrx_word' id='word_1_171' title='bbox 1053 1902 1093 1939; x_wconf 87' lang='lat' dir='ltr'><strong>et</strong></span> <span class='ocrx_word' id='word_1_172' title='bbox 1125 1899 1353 1952; x_wconf 78' lang='lat' dir='ltr'><strong>requiritur</strong></span> <span class='ocrx_word' id='word_1_173' title='bbox 1373 1898 1581 1952; x_wconf 75' lang='lat' dir='ltr'><strong>futurum.</strong></span> <span class='ocrx_word' id='word_1_174' title='bbox 1643 1897 1797 1939; x_wconf 88' lang='lat' dir='ltr'><strong>Videor</strong></span> 
     </span>
     <span class='ocr_line' id='line_1_23' title="bbox 216 1966 1796 2024; baseline 0.001 -16"><span class='ocrx_word' id='word_1_175' title='bbox 216 1967 326 2008; x_wconf 89' lang='lat' dir='ltr'><strong>mihi</strong></span> <span class='ocrx_word' id='word_1_176' title='bbox 357 1969 556 2022; x_wconf 82' lang='lat' dir='ltr'><strong>reperisse</strong></span> <span class='ocrx_word' id='word_1_177' title='bbox 589 1967 760 2023; x_wconf 80' lang='lat' dir='ltr'><strong>Polybii</strong></span> <span class='ocrx_word' id='word_1_178' title='bbox 793 1981 967 2009; x_wconf 87' lang='lat' dir='ltr'><strong>manum</strong></span> <span class='ocrx_word' id='word_1_179' title='bbox 1001 1972 1042 2009; x_wconf 85' lang='lat' dir='ltr'><strong>et</strong></span> <span class='ocrx_word' id='word_1_180' title='bbox 1076 1966 1241 2009; x_wconf 80' lang='lat' dir='ltr'><strong>Codicis</strong></span> <span class='ocrx_word' id='word_1_181' title='bbox 1274 1969 1526 2022; x_wconf 79' lang='lat' dir='ltr'><strong>scripturam</strong></span> <span class='ocrx_word' id='word_1_182' title='bbox 1559 1982 1664 2024; x_wconf 84' lang='lat' dir='ltr'><strong>quae</strong></span> <span class='ocrx_word' id='word_1_183' title='bbox 1694 1968 1796 2011; x_wconf 89' lang='lat' dir='ltr'><strong>haec</strong></span> 
     </span>
     <span class='ocr_line' id='line_1_24' title="bbox 217 2037 1798 2091; baseline 0 -11"><span class='ocrx_word' id='word_1_184' title='bbox 217 2042 302 2080; x_wconf 82' lang='lat' dir='ltr'><strong>est:</strong></span> <span class='ocrx_word' id='word_1_185' title='bbox 353 2037 619 2087; x_wconf 85' lang='grc' dir='ltr'><em>πεπεισμένος</em></span> <span class='ocrx_word' id='word_1_186' title='bbox 669 2038 921 2089; x_wconf 79' lang='grc' dir='ltr'><em>θηρασειν</em></span> <span class='ocrx_word' id='word_1_187' title='bbox 969 2039 1035 2080; x_wconf 82' lang='grc' dir='ltr'><strong>τὸν</strong></span> <span class='ocrx_word' id='word_1_188' title='bbox 1085 2037 1256 2090; x_wconf 86' lang='grc' dir='ltr'><em>Περσέα.</em></span> <span class='ocrx_word' id='word_1_189' title='bbox 1334 2039 1425 2079; x_wconf 79' lang='lat' dir='ltr'><strong>Duo</strong></span> <span class='ocrx_word' id='word_1_190' title='bbox 1467 2054 1572 2091; x_wconf 71' lang='lat' dir='ltr'><strong>reyes</strong></span> <span class='ocrx_word' id='word_1_191' title='bbox 1614 2039 1718 2080; x_wconf 79' lang='lat' dir='ltr'><strong>inter</strong></span> <span class='ocrx_word' id='word_1_192' title='bbox 1757 2054 1798 2080; x_wconf 73' lang='lat' dir='ltr'><strong>se</strong></span> 
     </span>
     <span class='ocr_line' id='line_1_25' title="bbox 219 2109 1798 2164; baseline 0.001 -15"><span class='ocrx_word' id='word_1_193' title='bbox 219 2113 418 2162; x_wconf 74' lang='lat' dir='ltr'><strong>captantes</strong></span> <span class='ocrx_word' id='word_1_194' title='bbox 453 2109 611 2163; x_wconf 75' lang='lat' dir='ltr'><strong>fraude</strong></span> <span class='ocrx_word' id='word_1_195' title='bbox 659 2114 694 2150; x_wconf 85' lang='lat' dir='ltr'><strong>et</strong></span> <span class='ocrx_word' id='word_1_196' title='bbox 742 2109 917 2150; x_wconf 70' lang='lat' dir='ltr'><strong>avaritia</strong></span> <span class='ocrx_word' id='word_1_197' title='bbox 964 2110 1187 2158; x_wconf 76' lang='lat' dir='ltr'><strong>certabant,</strong></span> <span class='ocrx_word' id='word_1_198' title='bbox 1237 2114 1273 2149; x_wconf 91' lang='lat' dir='ltr'><strong>et</strong></span> <span class='ocrx_word' id='word_1_199' title='bbox 1315 2109 1575 2164; x_wconf 75' lang='lat' dir='ltr'><strong>nequidquam</strong></span> <span class='ocrx_word' id='word_1_200' title='bbox 1614 2110 1719 2150; x_wconf 71' lang='lat' dir='ltr'><strong>inter</strong></span> <span class='ocrx_word' id='word_1_201' title='bbox 1758 2125 1798 2151; x_wconf 76' lang='lat' dir='ltr'><strong>se</strong></span> 
     </span>
     <span class='ocr_line' id='line_1_26' title="bbox 218 2179 1794 2235; baseline 0.002 -16"><span class='ocrx_word' id='word_1_202' title='bbox 218 2179 366 2233; x_wconf 72' lang='lat' dir='ltr'><strong>captati</strong></span> <span class='ocrx_word' id='word_1_203' title='bbox 412 2180 520 2220; x_wconf 73' lang='lat' dir='ltr'><strong>m&#39;lzz&#39;l</strong></span> <span class='ocrx_word' id='word_1_204' title='bbox 555 2184 718 2232; x_wconf 70' lang='lat' dir='ltr'><strong>praeter</strong></span> <span class='ocrx_word' id='word_1_205' title='bbox 767 2180 978 2234; x_wconf 55' lang='lat' dir='ltr'><strong>isstfamz&#39;am</strong></span> <span class='ocrx_word' id='word_1_206' title='bbox 1024 2194 1171 2220; x_wconf 70' lang='lat' dir='ltr'><strong>movere</strong></span> <span class='ocrx_word' id='word_1_207' title='bbox 1218 2179 1384 2234; x_wconf 77' lang='lat' dir='ltr'><strong>&lt;Livius</strong></span> <span class='ocrx_word' id='word_1_208' title='bbox 1431 2179 1458 2220; x_wconf 92' lang='lat' dir='ltr'><strong>l.</strong></span> <span class='ocrx_word' id='word_1_209' title='bbox 1490 2179 1518 2220; x_wconf 92' lang='lat'><strong>].</strong></span> <span class='ocrx_word' id='word_1_210' title='bbox 1567 2194 1654 2235; x_wconf 88' lang='lat' dir='ltr'><strong>cap.</strong></span> <span class='ocrx_word' id='word_1_211' title='bbox 1706 2179 1794 2231; x_wconf 69' lang='lat'>25).</span> 
     </span>
     <span class='ocr_line' id='line_1_27' title="bbox 220 2248 1796 2306; baseline 0.001 -15"><span class='ocrx_word' id='word_1_212' title='bbox 220 2248 422 2305; x_wconf 81' lang='lat' dir='ltr'><strong>Sperabat</strong></span> <span class='ocrx_word' id='word_1_213' title='bbox 453 2250 663 2291; x_wconf 80' lang='lat' dir='ltr'><strong>Eumenes</strong></span> <span class='ocrx_word' id='word_1_214' title='bbox 696 2264 737 2291; x_wconf 82' lang='lat' dir='ltr'><strong>se</strong></span> <span class='ocrx_word' id='word_1_215' title='bbox 770 2264 926 2306; x_wconf 80' lang='lat' dir='ltr'><strong>magna</strong></span> <span class='ocrx_word' id='word_1_216' title='bbox 951 2249 1224 2304; x_wconf 80' lang='lat' dir='ltr'><strong>pollicitando</strong></span> <span class='ocrx_word' id='word_1_217' title='bbox 1249 2249 1451 2291; x_wconf 81' lang='lat' dir='ltr'><strong>Perseum</strong></span> <span class='ocrx_word' id='word_1_218' title='bbox 1479 2265 1557 2291; x_wconf 70' lang='lat' dir='ltr'><strong>esse</strong></span> <span class='ocrx_word' id='word_1_219' title='bbox 1579 2256 1796 2305; x_wconf 66' lang='lat' dir='ltr'><strong>capturum.</strong></span> 
     </span>
    </p>

    <p class='ocr_par' dir='ltr' id='par_1_6' title="bbox 219 2318 1802 2941">
     <span class='ocr_line' id='line_1_28' title="bbox 280 2318 1795 2379; baseline 0.002 -18"><span class='ocrx_word' id='word_1_220' title='bbox 280 2318 501 2375; x_wconf 81' lang='lat' dir='ltr'><strong>Sequitur:</strong></span> <span class='ocrx_word' id='word_1_221' title='bbox 532 2320 547 2361; x_wconf 80' lang='grc' dir='ltr'><em>ὁ</em></span> <span class='ocrx_word' id='word_1_222' title='bbox 578 2321 616 2361; x_wconf 85' lang='grc' dir='ltr'><strong>δὲ</strong></span> <span class='ocrx_word' id='word_1_223' title='bbox 646 2320 821 2371; x_wconf 84' lang='grc' dir='ltr'><em>Περσεὺς</em></span> <span class='ocrx_word' id='word_1_224' title='bbox 850 2320 1005 2371; x_wconf 80' lang='grc' dir='ltr'><em>λαβρος</em></span> <span class='ocrx_word' id='word_1_225' title='bbox 1033 2320 1107 2370; x_wconf 77' lang='grc' dir='ltr'><strong>μὲν</strong></span> <span class='ocrx_word' id='word_1_226' title='bbox 1135 2319 1247 2370; x_wconf 77' lang='grc' dir='ltr'><em>ὥρμα</em></span> <span class='ocrx_word' id='word_1_227' title='bbox 1276 2320 1435 2375; x_wconf 76' lang='lat' dir='ltr'><strong>(Maius</strong></span> <span class='ocrx_word' id='word_1_228' title='bbox 1452 2322 1604 2373; x_wconf 84' lang='grc' dir='ltr'><em>μακρὸς</em></span> <span class='ocrx_word' id='word_1_229' title='bbox 1623 2322 1795 2379; x_wconf 81' lang='grc' dir='ltr'><em>ἐνώρμα)</em></span> 
     </span>
     <span class='ocr_line' id='line_1_29' title="bbox 220 2391 1798 2443; baseline 0.002 -11"><span class='ocrx_word' id='word_1_230' title='bbox 220 2392 314 2442; x_wconf 87' lang='grc' dir='ltr'><em>πρὸς</em></span> <span class='ocrx_word' id='word_1_231' title='bbox 359 2391 415 2432; x_wconf 76' lang='grc' dir='ltr'><strong>τα</strong></span> <span class='ocrx_word' id='word_1_232' title='bbox 446 2391 732 2443; x_wconf 88' lang='grc' dir='ltr'><em>προτεινόμενα</em></span> <span class='ocrx_word' id='word_1_233' title='bbox 766 2391 834 2432; x_wconf 78' lang='grc' dir='ltr'><em>καὶ</em></span> <span class='ocrx_word' id='word_1_234' title='bbox 869 2391 1117 2441; x_wconf 85' lang='grc' dir='ltr'><em>συνετίθετο,</em></span> <span class='ocrx_word' id='word_1_235' title='bbox 1148 2397 1464 2433; x_wconf 78' lang='grc' dir='ltr'><strong>ΚΑΤΑΠΙΕΙΝ</strong></span> <span class='ocrx_word' id='word_1_236' title='bbox 1500 2393 1538 2433; x_wconf 82' lang='grc' dir='ltr'><strong>δὲ</strong></span> <span class='ocrx_word' id='word_1_237' title='bbox 1572 2397 1646 2434; x_wconf 80' lang='grc' dir='ltr'><strong>τῶν</strong></span> <span class='ocrx_word' id='word_1_238' title='bbox 1679 2403 1798 2443; x_wconf 73' lang='grc' dir='ltr'><em>λεγο-</em></span> 
     </span>
     <span class='ocr_line' id='line_1_30' title="bbox 220 2459 1800 2518; baseline 0.003 -17"><span class='ocrx_word' id='word_1_239' title='bbox 220 2460 348 2511; x_wconf 86' lang='grc' dir='ltr'><em>μένων</em></span> <span class='ocrx_word' id='word_1_240' title='bbox 390 2461 496 2503; x_wconf 78' lang='grc' dir='ltr'><em>οὐδὲν</em></span> <span class='ocrx_word' id='word_1_241' title='bbox 541 2459 615 2507; x_wconf 82' lang='grc' dir='ltr'><em>οἷος</em></span> <span class='ocrx_word' id='word_1_242' title='bbox 650 2460 693 2510; x_wconf 77' lang='grc' dir='ltr'><strong>ἧν</strong></span> <span class='ocrx_word' id='word_1_243' title='bbox 727 2461 792 2502; x_wconf 78' lang='grc' dir='ltr'><em>ἐπὶ</em></span> <span class='ocrx_word' id='word_1_244' title='bbox 823 2464 1008 2503; x_wconf 81' lang='grc' dir='ltr'><em>τοσοῦτον</em></span> <span class='ocrx_word' id='word_1_245' title='bbox 1041 2460 1117 2506; x_wconf 68' lang='grc' dir='ltr'><em>ἰός-ε</em></span> <span class='ocrx_word' id='word_1_246' title='bbox 1149 2463 1217 2503; x_wconf 77' lang='grc' dir='ltr'><em>καὶ</em></span> <span class='ocrx_word' id='word_1_247' title='bbox 1252 2462 1437 2513; x_wconf 88' lang='grc' dir='ltr'><em>προέσθαι</em></span> <span class='ocrx_word' id='word_1_248' title='bbox 1473 2463 1633 2518; x_wconf 77' lang='lat' dir='ltr'><strong>(Maius</strong></span> <span class='ocrx_word' id='word_1_249' title='bbox 1665 2463 1800 2515; x_wconf 87' lang='grc' dir='ltr'><em>προθέ-</em></span> 
     </span>
     <span class='ocr_line' id='line_1_31' title="bbox 221 2531 1800 2588; baseline 0.003 -16"><span class='ocrx_word' id='word_1_250' title='bbox 221 2531 329 2585; x_wconf 84' lang='grc' dir='ltr'><em>σθαι)</em></span> <span class='ocrx_word' id='word_1_251' title='bbox 365 2547 403 2572; x_wconf 91' lang='grc' dir='ltr'><strong>τι</strong></span> <span class='ocrx_word' id='word_1_252' title='bbox 434 2536 510 2573; x_wconf 86' lang='grc' dir='ltr'><strong>τῶν</strong></span> <span class='ocrx_word' id='word_1_253' title='bbox 542 2532 700 2574; x_wconf 78' lang='grc' dir='ltr'><em>ἑαυτοῦ.</em></span> <span class='ocrx_word' id='word_1_254' title='bbox 752 2531 1032 2574; x_wconf 87' lang='lat' dir='ltr'><strong>Vehementer</strong></span> <span class='ocrx_word' id='word_1_255' title='bbox 1062 2533 1172 2574; x_wconf 88' lang='lat' dir='ltr'><strong>mihi</strong></span> <span class='ocrx_word' id='word_1_256' title='bbox 1203 2537 1445 2588; x_wconf 80' lang='lat' dir='ltr'><strong>suspectum</strong></span> <span class='ocrx_word' id='word_1_257' title='bbox 1477 2538 1539 2576; x_wconf 83' lang='lat' dir='ltr'><strong>est</strong></span> <span class='ocrx_word' id='word_1_258' title='bbox 1565 2541 1800 2586; x_wconf 78' lang='grc' dir='ltr'><em>καταπιεῖν,</em></span> 
     </span>
     <span class='ocr_line' id='line_1_32' title="bbox 221 2600 1797 2658; baseline 0.003 -16"><span class='ocrx_word' id='word_1_259' title='bbox 221 2600 389 2643; x_wconf 82' lang='lat' dir='ltr'><strong>Tritum</strong></span> <span class='ocrx_word' id='word_1_260' title='bbox 420 2605 483 2643; x_wconf 80' lang='lat' dir='ltr'><strong>est</strong></span> <span class='ocrx_word' id='word_1_261' title='bbox 514 2602 625 2656; x_wconf 89' lang='lat' dir='ltr'><strong>apud</strong></span> <span class='ocrx_word' id='word_1_262' title='bbox 655 2601 886 2658; x_wconf 84' lang='lat' dir='ltr'><strong>Polybium</strong></span> <span class='ocrx_word' id='word_1_263' title='bbox 919 2604 1157 2644; x_wconf 79' lang='grc' dir='ltr'><em>καταπίνειν</em></span> <span class='ocrx_word' id='word_1_264' title='bbox 1189 2605 1233 2646; x_wconf 80' lang='grc' dir='ltr'><em>τὸ</em></span> <span class='ocrx_word' id='word_1_265' title='bbox 1260 2603 1426 2656; x_wconf 81' lang='grc' dir='ltr'><em>δέλεαρ,</em></span> <span class='ocrx_word' id='word_1_266' title='bbox 1455 2606 1609 2646; x_wconf 70' lang='lat' dir='ltr'><strong>hamum</strong></span> <span class='ocrx_word' id='word_1_267' title='bbox 1635 2620 1797 2655; x_wconf 78' lang='lat' dir='ltr'><strong>vorare,</strong></span> 
     </span>
     <span class='ocr_line' id='line_1_33' title="bbox 221 2671 1799 2728; baseline 0.003 -15"><span class='ocrx_word' id='word_1_268' title='bbox 221 2672 272 2714; x_wconf 88' lang='lat' dir='ltr'><strong>de</strong></span> <span class='ocrx_word' id='word_1_269' title='bbox 314 2685 361 2713; x_wconf 90' lang='lat' dir='ltr'><strong>eo</strong></span> <span class='ocrx_word' id='word_1_270' title='bbox 392 2671 461 2727; x_wconf 80' lang='lat' dir='ltr'><strong>qui</strong></span> <span class='ocrx_word' id='word_1_271' title='bbox 492 2672 641 2713; x_wconf 72' lang='lat' dir='ltr'><strong>astutia</strong></span> <span class='ocrx_word' id='word_1_272' title='bbox 672 2678 807 2726; x_wconf 73' lang='lat' dir='ltr'><strong>eaptus</strong></span> <span class='ocrx_word' id='word_1_273' title='bbox 839 2677 919 2722; x_wconf 67' lang='lat' dir='ltr'><strong>est,</strong></span> <span class='ocrx_word' id='word_1_274' title='bbox 954 2673 1026 2715; x_wconf 76' lang='lat' dir='ltr'><strong>sed</strong></span> <span class='ocrx_word' id='word_1_275' title='bbox 1055 2687 1189 2728; x_wconf 88' lang='lat' dir='ltr'><strong>neque</strong></span> <span class='ocrx_word' id='word_1_276' title='bbox 1221 2674 1276 2716; x_wconf 69' lang='grc' dir='ltr'><em>τοὶ</em></span> <span class='ocrx_word' id='word_1_277' title='bbox 1310 2673 1520 2724; x_wconf 73' lang='grc' dir='ltr'><em>λεγόμενα</em></span> <span class='ocrx_word' id='word_1_278' title='bbox 1556 2676 1799 2718; x_wconf 85' lang='grc' dir='ltr'><em>καταπίνειν</em></span> 
     </span>
     <span class='ocr_line' id='line_1_34' title="bbox 219 2742 1800 2800; baseline 0.004 -17"><span class='ocrx_word' id='word_1_279' title='bbox 219 2746 382 2784; x_wconf 87' lang='lat' dir='ltr'><strong>rectum</strong></span> <span class='ocrx_word' id='word_1_280' title='bbox 415 2746 477 2784; x_wconf 77' lang='lat' dir='ltr'><strong>est</strong></span> <span class='ocrx_word' id='word_1_281' title='bbox 508 2746 550 2784; x_wconf 88' lang='lat' dir='ltr'><strong>et</strong></span> <span class='ocrx_word' id='word_1_282' title='bbox 581 2742 823 2784; x_wconf 83' lang='grc' dir='ltr'><em>καταπίνειν</em></span> <span class='ocrx_word' id='word_1_283' title='bbox 855 2743 920 2784; x_wconf 80' lang='grc' dir='ltr'><em>ε’πὶ</em></span> <span class='ocrx_word' id='word_1_284' title='bbox 955 2747 1140 2786; x_wconf 79' lang='grc' dir='ltr'><em>τοσοῦτον</em></span> <span class='ocrx_word' id='word_1_285' title='bbox 1174 2748 1236 2786; x_wconf 82' lang='lat' dir='ltr'><strong>est</strong></span> <span class='ocrx_word' id='word_1_286' title='bbox 1267 2744 1390 2800; x_wconf 89' lang='lat' dir='ltr'><strong>plane</strong></span> <span class='ocrx_word' id='word_1_287' title='bbox 1423 2747 1666 2788; x_wconf 82' lang='lat' dir='ltr'><strong>absurdum.</strong></span> <span class='ocrx_word' id='word_1_288' title='bbox 1701 2746 1800 2789; x_wconf 90' lang='lat' dir='ltr'><strong>Om-</strong></span> 
     </span>
     <span class='ocr_line' id='line_1_35' title="bbox 219 2812 1802 2872; baseline 0.004 -19"><span class='ocrx_word' id='word_1_289' title='bbox 219 2826 317 2854; x_wconf 89' lang='lat' dir='ltr'><strong>nem</strong></span> <span class='ocrx_word' id='word_1_290' title='bbox 358 2813 591 2855; x_wconf 77' lang='lat' dir='ltr'><strong>removebis</strong></span> <span class='ocrx_word' id='word_1_291' title='bbox 636 2812 930 2855; x_wconf 81' lang='lat' dir='ltr'><strong>difficultatem</strong></span> <span class='ocrx_word' id='word_1_292' title='bbox 978 2816 1014 2855; x_wconf 83' lang='lat' dir='ltr'><strong>si</strong></span> <span class='ocrx_word' id='word_1_293' title='bbox 1055 2813 1273 2857; x_wconf 81' lang='lat' dir='ltr'><strong>lenissima</strong></span> <span class='ocrx_word' id='word_1_294' title='bbox 1304 2818 1538 2858; x_wconf 87' lang='lat' dir='ltr'><strong>mutatione</strong></span> <span class='ocrx_word' id='word_1_295' title='bbox 1569 2819 1802 2872; x_wconf 81' lang='lat' dir='ltr'><strong>reposueris</strong></span> 
     </span>
     <span class='ocr_line' id='line_1_36' title="bbox 221 2884 1798 2941; baseline 0.003 -17"><span class='ocrx_word' id='word_1_296' title='bbox 221 2888 486 2933; x_wconf 82' lang='grc' dir='ltr'><em>κατΑΙΝεῖν,</em></span> <span class='ocrx_word' id='word_1_297' title='bbox 529 2885 639 2939; x_wconf 89' lang='lat' dir='ltr'><strong>quod</strong></span> <span class='ocrx_word' id='word_1_298' title='bbox 680 2898 777 2926; x_wconf 88' lang='lat' dir='ltr'><strong>cum</strong></span> <span class='ocrx_word' id='word_1_299' title='bbox 822 2884 1053 2926; x_wconf 83' lang='grc' dir='ltr'><em>συνετίθετο</em></span> <span class='ocrx_word' id='word_1_300' title='bbox 1095 2887 1254 2940; x_wconf 89' lang='lat' dir='ltr'><strong>optime</strong></span> <span class='ocrx_word' id='word_1_301' title='bbox 1290 2887 1465 2941; x_wconf 86' lang='lat' dir='ltr'><strong>quadrat</strong></span> <span class='ocrx_word' id='word_1_302' title='bbox 1507 2888 1558 2929; x_wconf 86' lang='lat' dir='ltr'><strong>cf.</strong></span> <span class='ocrx_word' id='word_1_303' title='bbox 1621 2887 1726 2930; x_wconf 78' lang='lat' dir='ltr'><strong>Suid</strong></span> <span class='ocrx_word' id='word_1_304' title='bbox 1759 2902 1798 2931; x_wconf 88' lang='lat' dir='ltr'><strong>v.</strong></span> 
     </span>
    </p>
   </div>
  </div>
 </body>
</html>
