1946 3298
908 166 993 212 538

222 300 303 352 Qui
333 299 546 342 Herodoto
578 297 704 339 fidem
731 297 963 338 detrectant
990 309 1193 350 opponere
1220 295 1259 336 ei
1287 295 1419 337 solent
1447 288 1733 349 Simonidem,

161 372 383 428 egregium
414 373 606 426 poetam,
641 368 712 410 sed
743 367 959 409 hominem
994 379 1168 409 avarum
1202 369 1243 407 et
1274 365 1466 408 venalem
1499 369 1541 408 et
1573 367 1609 407 si
1641 367 1734 420 quis

160 443 346 497 pretium
389 441 568 482 dedisset
598 439 743 481 laudes
776 442 849 480 aut
879 451 998 480 veras
1031 438 1215 478 carmine
1247 440 1473 493 augentem
1505 439 1578 478 aut
1609 435 1734 478 falsas

161 512 210 554 de
242 526 316 553 suo
348 510 592 567 fingentem.

220 584 375 638 Aperte
415 581 459 622 id
501 579 720 622 confitetur
759 584 902 622 auctor
950 577 1228 621 Corinthiacae
1258 591 1355 633 pag.
1392 576 1490 618 109.
1525 577 1644 618 Tom.
1677 575 1731 617 II.

159 652 302 694 Reisk.
347 653 384 692 ἐν
419 655 631 700 Σοιλοιμῖνι
667 651 707 692 δὲ
743 651 953 701 ηρίςευσοον
989 647 1230 705 (Corinthii)
1266 647 1332 688 ux)
1367 654 1438 695 τῆς
1469 649 1577 695 νίκης
1613 645 1730 688 οιῖτιοι

160 724 282 780 (Lag.
342 722 593 777 οιίτιώτοιτοι)
654 723 903 768 κατέςησοιν.
969 719 1160 772 Ἡροδότῳ
1209 719 1290 768 γὰρ
1341 724 1414 760 ΟΥ
1463 723 1731 760 ΠΡΟΕΕΞΧΩ

160 795 275 836 οέλλοὶ
317 795 371 845 τῷ
411 792 533 846 τάφῳ
575 792 642 834 nx}
687 794 741 844 τῷ
776 792 998 845 Σιμωνίδη,
1034 785 1071 836 ὃς
1107 787 1342 841 ἐπέγροιψεν
1375 788 1438 829 ἐπὶ
1474 794 1556 835 τοῖς
1589 793 1732 840 νεκροῖς

159 870 234 907 τῶν
268 865 468 917 Κορινθίων
499 862 764 914 τεθαμμένοις
797 863 835 903 ἐν
869 867 1106 912 Σκλοιμῖνι·

332 934 402 977 γΩ
437 935 557 986 ξεῖν’,
591 933 749 986 εὔυδρόν
782 934 874 975 ποτ’
910 933 1091 982 ε’νοοίομεν
1125 929 1204 975 dicu
1240 931 1444 983 Κορίνθου,

432 1008 497 1047 νῦν
530 1005 562 1046 δ’
596 1003 671 1055 ἅμ’
705 1003 876 1051 Αἴαντος
912 1006 1029 1050 νᾶσος
1065 1001 1152 1054 ἔχει
1188 1003 1405 1051 Σαλαμίς.

341 1079 425 1129 ῥεῖα
459 1076 499 1118 δὲ
533 1075 745 1121 Φοινίσσας
779 1080 876 1123 νῆοες
912 1074 979 1116 καὶ
1014 1073 1172 1125 Πέρσοος
1207 1072 1362 1119 ἑλόντες

431 1147 499 1188 xx)
533 1147 693 1194 Μηδους
729 1147 837 1196 ἱεροὶν
870 1144 1059 1186 Ἑλλοὶδοι
1091 1143 1315 1195 ἑυσάμεθκ.

219 1218 339 1261 Nihil
379 1218 560 1273 impedit
601 1231 681 1272 quo
722 1217 865 1257 minus
908 1215 1162 1257 Adimantus
1205 1219 1246 1255 et
1289 1211 1498 1255 Corinthii
1541 1229 1591 1256 ex
1623 1218 1739 1269 turpi

158 1291 260 1350 fuga
301 1291 485 1333 revocati
517 1292 558 1330 et
589 1301 716 1330 naves
748 1287 997 1328 Phoenissas
1030 1285 1191 1340 aliquot
1225 1285 1409 1339 ceperint
1440 1288 1482 1325 et
1514 1284 1736 1327 nonnullos

160 1379 208 1406 ex
241 1376 414 1405 suorum
446 1372 620 1402 numero
655 1359 894 1407 amiserint,
930 1360 978 1398 ut
1010 1369 1092 1397 non
1119 1357 1350 1397 mentiatur
1377 1354 1636 1405 Simonides,
1667 1355 1738 1398 sed

158 1435 379 1478 verissima
420 1435 563 1473 tamen
606 1429 719 1471 fama
763 1431 848 1482 est,
893 1441 1019 1483 quam
1056 1425 1297 1475 Herodotus
1330 1426 1380 1467 ab
1411 1426 1738 1468 Atheniensibus

159 1508 373 1560 acceptam
407 1502 458 1544 ad
492 1501 750 1557 posteritatis
781 1500 1033 1540 memoriam
1065 1497 1330 1553 propagavit.
1398 1495 1479 1538 Sed
1510 1497 1734 1539 manifesto

158 1576 363 1617 mentitus
405 1575 467 1615 est
508 1570 746 1613 Simonides
789 1583 921 1625 quum
961 1570 1005 1610 in
1037 1568 1257 1610 Adimanti
1289 1571 1563 1609 monumento
1592 1569 1737 1610 inscri-

158 1646 292 1689 beret:

338 1713 448 1762 οὗτος
484 1712 756 1764 Ἀδειμάντου
790 1711 915 1754 κείνου
948 1710 1106 1765 τάφος,
1139 1707 1183 1751 οὗ
1215 1709 1280 1751 διὰ
1313 1709 1471 1760 βουλὰς

458 1785 613 1831 Ἑλλὰς
648 1784 870 1835 ἐλευθερίοις
904 1782 1114 1836 ἀμφέθετο
1149 1781 1342 1832 ςέφοινον.

158 1861 201 1901 in
240 1856 496 1900 Corinthiam
527 1869 625 1911 pag.
661 1852 759 1895 109.
796 1857 836 1895 et
869 1853 980 1908 apud
1010 1852 1290 1895 Plutarchum
1325 1865 1421 1908 pag.
1456 1851 1554 1894 870.
1577 1852 1610 1894 f.
1646 1850 1736 1906 (ubi

157 1930 354 1972 mendose
393 1928 553 1984 legitur
593 1924 631 1967 ἓν
673 1925 740 1967 δίοι
783 1928 904 1966 παῖσαι
945 1939 1018 1980 pro
1062 1922 1105 1966 οὗ
1148 1924 1214 1965 διὰ
1253 1923 1446 1979 βουλάς).
1509 1922 1736 1964 Manifesto

158 2001 363 2042 mentitur
392 2000 546 2040 iterum
581 1996 816 2038 Simonides
849 1996 960 2051 apud
992 1995 1108 2037 Plut.
1143 2008 1236 2051 pag.
1273 1993 1372 2035 869.
1392 1995 1432 2036 d.

309 2069 557 2120 Δημόκριτος
591 2072 801 2109 TPITOC
835 2064 934 2118 ἦρχε
967 2065 1114 2118 μάχης
1147 2063 1212 2106 ὅτε
1247 2065 1329 2116 ποὶρ
1364 2068 1591 2114 Σοιλοιμῖνοι

431 2140 631 2186 “Έλληνες
664 2137 816 2186 Μήδοις
850 2136 1070 2188 σύμβκλον
1102 2136 1140 2177 ἐν
1175 2135 1374 2186 πελάγει·

309 2211 428 2253 πέντε
463 2211 503 2252 δὲ
536 2214 630 2256 νῆκς
665 2206 754 2250 ἕλεν
786 2208 911 2261 δῄων,
947 2205 1066 2255 ἕκτην
1101 2207 1133 2248 δ’
1170 2206 1244 2248 ὑπὸ
1276 2211 1401 2259 χεῖροι

432 2281 579 2334 ῥύσατο
611 2279 868 2332 βκρβοιρικην
904 2279 1044 2330 Δωρίδ’
1079 2277 1363 2327 ἁλισκομένην.

219 2355 366 2397 Potuit
404 2352 671 2395 Democritus
714 2351 896 2405 quinque
939 2350 1127 2391 hostium
1160 2361 1285 2390 naves
1321 2361 1465 2402 capere
1498 2349 1539 2388 et
1571 2348 1733 2388 sextam

159 2440 207 2468 ex
240 2426 511 2467 barbarorum
544 2421 740 2464 manibus
773 2422 952 2475 eripere,
989 2419 1060 2461 sed
1092 2420 1195 2464 τίνες
1231 2416 1330 2466 ἦσαν
1364 2416 1395 2459 οἱ
1428 2415 1626 2468 ἄρξαντες
1661 2420 1733 2462 τῆς

159 2496 304 2547 μάχης
339 2495 479 2536 verius
511 2492 749 2534 Herodotus
780 2491 967 2532 narravit
999 2489 1111 2530 VIII.
1147 2488 1218 2530 84.
1253 2492 1293 2530 et
1326 2487 1398 2529 93.

218 2566 312 2608 Non
357 2567 418 2606 est
459 2563 535 2605 hoc
575 2575 730 2618 magno
763 2575 884 2616 opere
916 2561 1049 2615 poetis
1082 2560 1187 2602 vitio
1224 2558 1470 2600 vertendum
1503 2559 1538 2599 si
1570 2556 1732 2612 quando

160 2637 209 2679 de
251 2636 418 2692 magnis
458 2635 617 2675 maiora
647 2632 873 2687 loquantur
906 2635 946 2672 et
984 2631 1090 2672 veris
1122 2629 1227 2671 falsa
1258 2630 1486 2682 misceant,
1521 2627 1592 2669 sed
1626 2628 1732 2669 obsi-

160 2706 354 2749 stendum
398 2708 459 2746 est
499 2703 608 2750 illis,
651 2704 723 2757 qui
755 2702 921 2743 disertis
953 2701 1150 2757 gravium
1187 2703 1227 2741 et
1259 2699 1529 2754 prudentium
1563 2697 1732 2739 histori-

160 2791 303 2820 corum
347 2775 598 2817 testimoniis
631 2772 816 2814 carmina
848 2776 1067 2826 poetarum
1101 2773 1316 2825 opponunt
1350 2773 1391 2810 et
1422 2781 1503 2810 non
1536 2767 1732 2810 dubitant

160 2849 318 2891 dicere:
355 2844 546 2898 Ἡροδότῳ
579 2844 620 2884 οὐ
654 2841 836 2893 προσέχω
871 2841 985 2883 ἀλλὰ
1023 2840 1234 2894 Σιμωνίδη.
