1946 3298
925 181 1005 223 561

236 299 392 344 Consul
461 334 1221 349 ...........
1256 320 1458 350 annorum
1490 307 1580 350 XL.

235 371 390 414 Censor
452 404 1219 419 ...........
1344 409 1366 428 ,‚
1492 376 1684 419 XLVIII.

235 439 390 484 Consul
421 444 575 485 iterum
606 477 1215 490 .........
1345 479 1366 498 „
1492 446 1596 488 LIV.

231 515 425 554 mortuus
459 545 1215 558 ...........
1342 549 1363 567 ,,
1492 516 1648 559 LXIX.

235 581 299 624 Ti.
333 582 546 626 Gracchus
577 587 711 642 igitur
743 600 848 628 anno
880 586 964 628 148
998 601 1134 643 augur
1154 577 1271 629 ‘anno
1306 586 1388 628 146
1422 591 1564 628 aetatis
1601 587 1746 628 decimo

173 653 330 706 septimo
374 655 560 708 primum
604 656 680 697 sub
724 655 915 711 Scipione
956 657 1196 699 Aemiliano
1239 658 1497 712 stipendium
1529 659 1572 698 in
1606 658 1747 699 Africa

174 723 294 773 fecit,
330 737 410 778 quo
444 738 548 766 anno
582 725 793 783 Carthago
827 731 947 782 capta
978 731 1019 768 et
1051 727 1188 770 deleta
1221 732 1296 769 est.
1347 728 1564 770 Plutarch.
1599 726 1639 769 4.
1673 727 1744 769 21.

177 794 361 845 Τιβέριος
395 794 684 845 ςρατευόμενος
720 797 758 836 ἐν
790 797 929 850 Λιβύῃ
961 798 1073 847 μετα
1106 801 1175 839 τοῦ
1211 798 1389 851 δευτέρου
1425 798 1643 843 Σκιπίωνος
1675 799 1745 838 τοῦ

175 865 335 916 τείχους
381 865 510 915 ἐπέβη
555 870 629 907 τῶν
670 868 874 917 πολεμίων
921 872 1086 919 πρῶτος.
1148 869 1307 911 Deinde
1348 869 1509 923 reliqua
1541 867 1748 923 stipendia

174 936 272 978 fecit
305 939 346 976 et
371 936 593 978 undecimo
625 941 718 991 post
750 951 855 979 anno
889 937 1010 992 (135)
1049 938 1251 990 Quaestor
1283 940 1418 980 factus
1444 942 1552 980 sorte
1580 938 1748 979 additus

175 1011 236 1050 est
270 1005 441 1049 Consuli
473 1006 669 1049 Mancino
702 1008 863 1049 bellum
893 1023 989 1050 cum
1022 1009 1295 1051 Numantinis
1331 1013 1502 1066 gesturo
1539 1012 1579 1051 et
1616 1009 1750 1063 ipsius

173 1079 443 1133 potissimum
485 1092 608 1133 opera
648 1079 807 1120 factum
852 1083 914 1121 est
953 1084 1002 1121 ut
1044 1094 1125 1134 pax
1168 1086 1486 1135 componeretur
1523 1094 1628 1135 quae
1659 1077 1749 1120 XX

174 1148 310 1190 millia
352 1148 639 1190 Romanorum
673 1150 723 1190 ab
754 1151 929 1190 interitu
960 1151 1167 1199 servavit,
1203 1151 1274 1192 sed
1308 1149 1482 1192 Senatui
1513 1149 1750 1205 populoque

173 1221 456 1276 ignominiosa
495 1221 586 1261 visa
614 1220 753 1261 dedito
778 1220 969 1261 hostibus
995 1221 1192 1263 Mancino
1220 1223 1392 1263 rescissa
1418 1228 1492 1263 est.
1541 1221 1749 1262 Damnato

174 1291 310 1346 igitur
345 1290 539 1331 Mancino
573 1304 678 1331 anno
714 1289 799 1330 134
825 1290 1006 1346 populus
1034 1289 1222 1334 Graccho
1251 1291 1469 1343 Quaestori
1497 1292 1752 1345 caeterisque

174 1363 288 1417 pacis
322 1361 588 1415 sponsoribus
620 1363 829 1416 pepercit,
867 1366 907 1403 et
940 1364 998 1403 sic
1032 1363 1222 1415 sequenti
1254 1376 1360 1404 anno
1392 1363 1524 1419 gessit
1561 1362 1750 1402 tribuna-

174 1436 269 1474 tum
301 1431 498 1488 legesque
530 1431 707 1486 pertulit
739 1435 780 1473 et
812 1445 917 1473 anno
951 1436 1127 1474 exeunte
1159 1447 1232 1487 per
1263 1435 1353 1475 vim
1387 1446 1607 1488 oppressus
1639 1434 1716 1474 est.

233 1571 355 1613 Vitae
396 1570 443 1612 O.
488 1569 668 1612 Gracchi
709 1571 811 1612 haec
854 1574 915 1613 est
957 1574 1195 1626 temporum
1244 1573 1363 1614 ratio.
1437 1572 1597 1614 Natum
1644 1584 1750 1613 anno

175 1641 284 1691 154,
319 1645 368 1683 ut
399 1642 610 1687 vidimus.
645 1643 834 1696 primum
869 1656 967 1683 eum
998 1644 1277 1697 conspicimus
1310 1643 1362 1684 ad
1395 1643 1674 1685 Numantiam
1705 1643 1751 1683 in

174 1712 380 1767 Scipionis
414 1712 642 1754 Aemiliani
672 1712 839 1754 cohorte
867 1713 1124 1755 militantem
1154 1714 1280 1755 fratre
1308 1714 1477 1755 tribuno
1505 1726 1610 1754 anno
1640 1711 1750 1767 133,

172 1785 309 1840 igitur
339 1782 446 1825 XXI
479 1797 707 1833 annorum;
742 1783 959 1825 Plutarch.
997 1783 1064 1825 13.
1111 1783 1151 1825 2.
1201 1788 1414 1834 „creantur
1451 1784 1606 1825 IIIviri
1643 1783 1752 1835 aqris

173 1855 403 1895 dividundz's
443 1854 566 1899 αὐτὸς
609 1853 793 1905 Τιβέριος
839 1854 906 1894 καὶ
952 1854 1151 1901 Κλαύδιος
1189 1855 1371 1900 ’Ἄππιος
1417 1855 1433 1895 ὂ
1466 1853 1646 1905 πενθερὸς
1678 1852 1747 1894 καὶ

172 1924 291 1970 Γαῖος
326 1924 512 1976 Γράκχος
546 1925 563 1966 ὁ
597 1925 777 1977 ἁδελφὸς
814 1926 855 1966 οὐ
890 1927 1023 1976 παρὼν
1056 1923 1165 1971 οὗτος
1199 1925 1295 1966 ἀλλ’
1327 1925 1401 1966 ὑπὸ
1432 1926 1622 1968 Σκιπίωνι
1653 1924 1748 1975 πρὸς

172 1996 413 2046 Νομαντίαν
459 1995 761 2046 ςρατευόμενος.
805 1997 852 2037 cf.
900 1996 1004 2038 Vell.
1050 1996 1213 2038 Patere.
1258 1995 1312 2037 Π.
1346 1995 1387 2037 2.
1423 1996 1511 2045 „Tzz
1548 1996 1748 2035 Gracchus

174 2092 226 2098 —
263 2067 486 2107 triumviros
529 2067 635 2119 myris
680 2067 904 2107 dividendis
946 2068 1182 2121 coloniisque
1229 2067 1466 2107 deducendis
1513 2065 1660 2106 creavit
1706 2081 1747 2107 se

171 2151 413 2191 socerumque
455 2152 564 2177 suum
612 2137 781 2190 Appium
831 2136 1095 2192 (Claudium)
1141 2143 1176 2177 et
1225 2135 1272 2178 C.
1319 2137 1535 2178 Gracchum
1567 2138 1748 2191 fratrem

171 2209 374 2248 admodum
416 2208 588 2248 iuvenem
633 2206 755 2262 (XXI
797 2206 1057 2261 annorumJ).'’
1121 2207 1266 2261 Itaque
1298 2207 1444 2248 absens
1474 2205 1607 2249 IIIvir
1639 2220 1748 2249 crea-

171 2283 240 2320 tus
282 2278 464 2319 Romam
506 2277 649 2326 rediit,
692 2278 767 2318 ubi
810 2292 906 2319 eum
951 2278 1091 2319 adesse
1134 2278 1329 2319 videmus
1371 2277 1498 2318 fratre
1529 2277 1748 2319 interfecto

170 2348 388 2390 Plutarch.
430 2348 474 2389 in
517 2349 608 2389 vita
642 2347 788 2388 Tiberii
821 2347 890 2389 20.
930 2347 997 2388 13.
1062 2348 1206 2402 Ipsum
1239 2345 1284 2389 C.
1321 2346 1562 2389 Gracchum
1594 2351 1748 2389 testem

170 2420 374 2462 habemus
421 2423 540 2468 „ante
588 2418 846 2470 Quaesturam
880 2419 1079 2472 stipendia
1099 2419 1254 2473 secisse
1283 2433 1363 2458 sese
1396 2418 1493 2459 XII
1517 2433 1634 2473 quum
1666 2435 1750 2461 cae-

171 2490 247 2532 teri
290 2505 334 2537 em
377 2493 455 2541 leffe
498 2489 540 2530 X
555 2488 781 2543 facerent.'’
828 2488 1046 2530 Plutarch.
1080 2488 1121 2530 2.
1156 2487 1224 2529 28.
1262 2488 1523 2539 ἐςρατεῦσθαι
1559 2489 1632 2539 μὲν
1666 2490 1748 2542 γὰρ

170 2560 249 2613 ἔφη
282 2560 432 2602 δώδεκα
462 2560 528 2607 ἔτη
555 2564 631 2601 τῶν
661 2558 798 2600 ἄλλων
826 2559 923 2601 δέκα
955 2559 1253 2609 ςρατευομένων
1281 2557 1324 2607 ἐξ
1351 2559 1553 2609 ἀνάγκης.
1587 2559 1748 2602 Deinde

171 2631 373 2683 Quaestor
420 2634 582 2672 creatus
629 2630 842 2691 consulem
890 2629 1115 2671 Aurelium
1165 2628 1338 2671 Oresten
1393 2631 1438 2670 in
1488 2631 1748 2685 provinciam

170 2701 408 2744 Sardiniam
456 2705 623 2743 secutus
675 2701 807 2754 (Plut.
861 2702 897 2741 1.
949 2699 1021 2754 19)
1070 2714 1143 2755 per
1183 2700 1403 2741 biennium
1445 2701 1490 2741 in
1532 2701 1748 2754 provincia

170 2774 339 2814 mansit.
378 2772 509 2827 (Plut.
547 2772 586 2814 3.
621 2771 710 2823 29).
774 2771 943 2826 Optime
976 2774 1214 2826 congruunt
1246 2772 1410 2812 omnia:
1443 2783 1647 2812 annorum
1681 2771 1749 2812 de-

172 2856 263 2884 cem
307 2848 550 2898 septemque
593 2843 708 2884 dedit
747 2842 797 2883 de
839 2855 956 2883 more
998 2841 1179 2883 militiae
1221 2854 1373 2882 nomen
1418 2844 1459 2881 et
1502 2853 1632 2894 quum
1665 2839 1751 2882 XII

172 2913 380 2968 stipendia
422 2913 589 2955 fecisset
632 2911 834 2964 Quaestor
874 2925 948 2967 per
989 2912 1207 2953 biennium
1255 2910 1390 2967 (annis
1430 2908 1514 2951 126
1559 2912 1600 2951 et
1645 2909 1746 2967 125)

369 2999 419 3029 Π.
1512 2980 1552 3009 ‘³⁶
