1946 3298
943 154 1027 195 442

246 277 310 320 Ex
341 278 487 321 eodem
519 278 736 334 Apollonii
776 279 1018 322 testimonio
1050 279 1164 321 nacti
1197 293 1342 322 sumus
1374 280 1516 332 filum,
1552 294 1633 337 quo
1663 283 1771 323 tam-

186 361 315 404 quam
342 363 393 391 ex
419 348 662 406 labyrintho
691 362 739 390 ex
767 350 932 406 ingenti
957 348 1197 391 confusione
1226 354 1466 406 temporum
1484 365 1558 393 nos
1576 351 1770 406 expedire

186 420 397 474 possimus
440 423 482 462 et
523 419 687 474 quando
730 420 887 461 vixerit
927 419 1193 475 Pythagoras
1236 424 1277 462 et
1322 425 1423 475 quot
1456 436 1584 464 annos
1615 423 1770 464 vixerit

190 487 376 532 definire.
416 488 530 531 Ἐπεὶ
559 489 600 531 δὲ
626 489 809 541 Σύβαριν
839 490 1104 541 ἐχειρώσαντο
1135 491 1304 545 (inquit)
1335 492 1403 532 καὶ
1442 492 1512 538 την
1542 493 1770 543 δορίκτητον

189 558 434 610 διῳκησαντο
465 562 522 609 μη
555 561 989 611 κατακληρουχηθῆναι
1022 560 1134 601 κατα
1163 560 1234 607 την
1262 561 1477 611 ἐπιθυμίαν
1505 566 1582 603 τῶν
1610 565 1770 603 πολλῶν

189 628 384 680 ἐξερράγη
429 630 474 671 τὸ
517 627 770 679 σιωπώμενον
812 635 929 680 μῖσος
971 629 1037 670 καὶ
1073 629 1181 678 διέςη
1217 630 1311 681 πρὸς
1345 631 1493 677 αὐτοὺς
1528 631 1573 672 τὸ
1606 631 1769 678 πλῆθος.

189 698 361 755 Sybaris
394 699 531 742 deleta
562 704 624 742 est
650 701 760 742 circa
787 714 942 742 annum
973 700 1071 742 510‘
1103 704 1145 742 et
1173 701 1319 743 odium
1349 702 1400 744 ob
1429 715 1550 758 agros
1577 701 1626 743 de
1652 701 1770 743 hoste

189 772 331 824 captos
367 783 450 812 non
481 771 648 813 viritim
681 770 838 813 divisos
870 771 1017 812 statim
1051 772 1242 826 sequenti
1277 785 1384 813 anno
1419 771 1518 813 509.
1553 784 1771 826 erumpere

189 838 359 890 debuit,
393 854 544 895 nempe
575 843 744 882 incensa
775 839 911 895 plebis
939 840 1147 895 cupiditas
1177 854 1249 896 per
1275 840 1486 897 longiores
1508 854 1648 883 moras
1675 840 1772 882 duci

187 922 270 952 non
311 913 486 965 poterat.
550 910 696 966 Itaque
735 912 807 966 qui
840 915 997 952 statuet
1028 910 1320 967 Pythagoram
1355 913 1465 953 circa
1497 911 1609 952 hunc
1640 910 1771 952 ferme

189 993 346 1022 annum
389 985 648 1023 moerentem
692 981 743 1024 ob
786 982 1008 1022 interitum
1041 995 1214 1023 suorum
1248 986 1393 1036 sponte
1425 996 1447 1023 e
1480 983 1570 1023 vita
1602 982 1772 1022 cessisse

187 1063 271 1092 non
301 1050 490 1092 multum
520 1065 543 1093 a
576 1064 674 1093 vero
706 1051 853 1093 abibit.
898 1050 1009 1103 Quot
1036 1065 1163 1092 annos
1190 1056 1314 1093 natus
1340 1053 1385 1092 in
1412 1051 1581 1093 Italiam
1609 1051 1773 1093 venerit

186 1118 373 1175 locuples
416 1123 536 1163 testis
569 1125 632 1163 est
662 1122 938 1163 Aristoxenus
971 1121 1082 1176 apud
1113 1121 1402 1177 Porphyrium
1433 1123 1456 1176 ξ
1489 1122 1528 1162 9.
1563 1122 1770 1172 γεγονότα

188 1189 221 1232 δ’
252 1189 321 1239 ἔτη
365 1191 697 1243 τεσσαράκοντα,
743 1191 869 1242 φησὶν
909 1193 927 1232 0‘
971 1190 1242 1242 Ἀριςόξενος,
1288 1192 1356 1233 καὶ
1402 1192 1550 1243 ὁρῶνται
1592 1192 1664 1239 την
1699 1194 1768 1232 τοῦ

188 1261 472 1313 Πολυκράτους
507 1262 720 1314 τυραννίδα
755 1261 1046 1313 συντονωτέραν
1080 1260 1202 1304 οὖσαν
1235 1260 1310 1306 ὥςε
1345 1266 1479 1308 καλῶς
1515 1262 1625 1315 ἔχειν
1658 1263 1771 1303 ἐλευ-

190 1330 280 1384 θέρῳ
313 1332 423 1384 ἀνδρὶ
456 1333 528 1380 την
561 1333 780 1376 ἐπιςασίαν
814 1349 858 1374 τε
895 1332 962 1373 καὶ
997 1332 1237 1374 δεσποτείαν
1269 1334 1326 1383 μη
1361 1332 1572 1382 ὑπομένειν
1597 1331 1697 1374 οὕτω
1724 1332 1770 1379 δη

189 1402 261 1450 τὴν
304 1402 360 1448 εἷς
402 1403 588 1444 Ἰταλίαν
632 1402 810 1455 ἄπαρσιν
855 1403 1112 1451 ποιήσασθαι.
1149 1403 1240 1460 (ubi
1274 1403 1423 1459 scribe)
1457 1399 1578 1444 οὖσαν
1605 1399 1661 1444 ”H
1695 1401 1770 1446 ὥςε

185 1474 322 1519 καλῶς
357 1472 467 1525 ἔχειν
503 1499 556 1505 -
594 1473 748 1529 (deleto
779 1473 856 1524 μή)
894 1473 1135 1523 ὑπομένειν.-

244 1542 393 1586 Restat
434 1544 568 1601 igitur
609 1548 658 1586 ut
698 1544 1007 1600 investigemus
1054 1558 1135 1600 quo
1179 1557 1284 1587 anno
1319 1541 1548 1587 Crotonem
1582 1545 1769 1599 primum

189 1612 428 1669 advenerit,
462 1629 543 1670 quo
577 1619 740 1671 reperto
773 1618 916 1658 omnia
946 1616 1211 1658 habebimus.

246 1683 338 1726 Hoc
382 1698 545 1741 quoque
590 1687 640 1728 ab
680 1687 931 1729 Aristoxeno
965 1699 1287 1743 cognoscemus,
1321 1686 1441 1727 cuius
1473 1685 1769 1727 testimonium

187 1754 276 1796 sine
307 1757 474 1798 nomine
506 1755 610 1798 latet
641 1757 752 1812 apud
785 1757 1069 1800 Iamblichum
1101 1758 1146 1798 in
1178 1757 1201 1811 ξ
1235 1755 1304 1798 35.
1369 1756 1484 1809 Quae
1515 1755 1770 1811 praecedunt

187 1822 313 1878 §34
361 1826 497 1868 ἀνεῖλε
545 1827 585 1868 δὲ
631 1826 750 1879 ἄρδην
798 1828 916 1872 ςασιν
965 1827 1033 1869 καὶ
1075 1827 1325 1878 διχοφωνίαν
1370 1851 1423 1857 --
1468 1826 1769 1875 ἀνεμίμνησκεν

188 1890 330 1938 ἕκαςον
377 1900 452 1938 τῶν
497 1897 641 1949 αρίςων
682 1898 923 1950 δογμάτων,
969 1899 1210 1940 Aristoxeni
1254 1911 1340 1939 esse
1384 1896 1551 1938 aliunde
1594 1898 1768 1937 constat.

185 1965 347 2010 Deinde
377 1966 539 2023 reliqua
570 1982 653 2011 uno
686 1972 828 2011 tenore
862 1971 921 2011 sic
953 1970 1251 2010 continuantur
1278 1967 1387 2022 §35
1419 1967 1436 2008 ὂ
1465 1967 1538 2016 μὲν
1566 1962 1629 2007 οὖν
1648 1965 1769 2011 κοινὸς

187 2037 313 2084 τύπος
348 2039 472 2080 αὐτοῦ
505 2045 578 2086 τῆς
612 2039 711 2091 ζωῆς
747 2038 786 2080 ἔν
818 2055 863 2081 τε
897 2044 979 2086 τοῖς
1014 2038 1149 2089 λόγοις
1179 2038 1246 2079 καὶ
1275 2042 1367 2083 ταῖς
1396 2035 1565 2088 πράξεσι
1594 2038 1767 2081 τοιοῦτος

188 2102 231 2153 ἦν
275 2107 313 2148 ἐν
355 2109 409 2160 τῷ
452 2107 546 2150 τότε
581 2109 717 2162 χρόνῳ.
783 2111 831 2152 Εἰ
867 2109 906 2151 δὲ
940 2110 1002 2151 δεῖ
1031 2109 1098 2150 καὶ
1134 2109 1188 2150 τα
1222 2108 1312 2149 καθ’
1346 2106 1490 2151 ἕκαςον
1525 2106 1767 2155 ἀπομνημο-

187 2180 325 2219 νεῦσαι
356 2176 404 2220 ὧν
438 2178 588 2231 ἔπραξε
624 2180 691 2222 καὶ
727 2178 816 2222 εἷπε
849 2182 982 2233 ΙΞητέον
1015 2181 1064 2225 ὡς
1098 2179 1345 2230 παρεγένετο
1379 2177 1452 2227 μὲν
1487 2177 1543 2224 εἷς
1579 2175 1768 2218 Ἰταλίαν

187 2249 301 2290 κατὰ
343 2250 414 2297 την
456 2249 728 2300 Ὀλυμπιάδα
772 2253 842 2300 την
887 2249 1074 2302 δευτέραν
1117 2250 1183 2291 ἐπὶ
1218 2254 1310 2295 ταῖς
1347 2248 1569 2299 ἑξήκοντα,
1604 2247 1692 2289 καθ’
1724 2240 1768 2293 ἣν

187 2319 373 2370 Ἐρυξίας
409 2320 426 2361 ὂ
462 2321 686 2369 Χαλκιδεὺς
733 2321 866 2366 ςαδιον
912 2321 1104 2369 ἐνίκησεν.
1152 2319 1263 2366 εὐθὺς
1308 2319 1348 2360 δὲ
1387 2318 1662 2369 περίβλεπτος
1696 2317 1765 2358 καὶ

188 2391 402 2442 περίςατος
456 2391 632 2442 ἐγένετο.
711 2391 931 2448 Olympias
975 2390 1098 2434 LXII
1147 2394 1209 2432 est
1257 2389 1307 2431 ab
1357 2402 1463 2431 anno
1513 2386 1766 2430 532—529.

188 2458 322 2515 Supra
358 2462 600 2504 audivimus
643 2460 886 2505 Ciceronem
931 2465 999 2516 (ex
1041 2461 1267 2516 Pomponii
1310 2461 1444 2502 Attici
1476 2458 1647 2513 Annali)
1678 2471 1769 2499 nar-

187 2535 351 2572 rantem
382 2537 563 2586 quartum
596 2533 674 2573 iam
708 2548 853 2574 annum
885 2536 1070 2585 reqnante
1106 2530 1321 2586 Tarquinio
1355 2530 1522 2583 Superbo
1552 2528 1768 2585 Pythago-

187 2613 279 2641 ram
320 2601 365 2641 in
407 2600 575 2643 Italiam
617 2605 791 2645 venisse.
864 2603 1060 2658 Olympias
1102 2602 1203 2642 enim
1243 2601 1412 2642 secunda
1455 2605 1491 2641 et
1532 2597 1767 2650 sexaqesima

189 2671 319 2712 eadem
351 2671 513 2725 Superbi
544 2674 717 2713 initium
751 2677 792 2714 et
823 2673 1092 2729 Pythagorae
1133 2671 1315 2713 declarat
1349 2670 1592 2713 adventum.
1654 2667 1768 2724 Ergo

249 2739 419 2800 Olymp.
452 2742 584 2784 LXII.
622 2745 642 2785 1
679 2757 725 2779 Ξ
759 2757 864 2785 anno
902 2742 987 2784 532
1020 2755 1194 2799 regnare
1228 2743 1364 2797 coepit
1397 2739 1663 2794 Tarquinius.

619 2811 645 2854 2
680 2825 726 2847 =
762 2826 867 2854 anno
903 2812 1003 2855 531.
