1946 3298
884 116 969 166 251

142 248 253 306 apud
284 249 564 292 Plutarchum
596 263 693 307 pag.
730 247 883 293 789.c.
917 248 959 290 τί
991 246 1080 298 οῦνς
1115 249 1185 290 οὐκ
1217 247 1414 299 ἀκούομεν
1447 249 1486 290 ἐν
1523 247 1713 303 κωμῳδίᾳ

143 320 362 373 ςροιτιώτου
398 319 608 371 λέγοντος·

442 392 566 439 λευκή
599 407 653 440 με
688 390 770 443 θρὶξ
803 390 1027 440 ἀπόμισθον
1061 390 1238 432 ἐντεῦθεν
1272 395 1388 432 ποιεῖ.

142 470 283 503 narrat
319 464 441 503 vetus
483 460 629 511 miles,
674 463 746 516 qni
791 461 895 503 olim
936 462 981 502 in
1023 461 1170 502 Asiam
1213 461 1264 502 ad
1299 474 1444 517 regem
1476 459 1712 502 militatum

144 532 325 586 abierat,
355 533 552 574 canitiem
585 533 666 573 sibi
699 531 891 573 attulisse
924 531 1049 573 finem
1084 531 1400 586 stipendiorum.

204 600 345 653 Quum
377 603 528 644 caet-eri
559 616 702 644 omnes
735 602 1016 644 Grammatici
1056 604 1100 643 in
1132 602 1198 643 his
1237 603 1508 644 caecutierint
1545 601 1717 643 laudan-

144 672 222 713 dus
255 676 317 713 est
350 686 458 714 unus
490 673 563 727 qui
594 676 703 715 recte
736 676 777 714 et
810 672 951 714 ordine
985 672 1129 714 docuit
1160 674 1204 713 in
1232 672 1414 714 Bekkeri
1442 673 1587 714 Anecd.
1618 685 1715 728 pag.

146 741 245 783 431.
282 742 352 784 21.
395 742 742 792 Ἀπόμισθοςε
773 744 863 785 -ὁ
897 744 1039 792 μισθοῦ
1074 741 1234 793 πράξας
1268 741 1379 794 ἔργον
1413 758 1452 784 τι
1487 743 1554 784 καὶ
1589 743 1714 793 ἀφει-

145 813 276 863 μένος.
304 815 325 862 ἧ
355 812 463 862 λέξις
492 814 605 865 παρὰ
633 814 791 868 Λυσία,
821 814 892 856 sed
920 815 1105 869 corrupit
1133 815 1274 856 omnia
1302 814 1376 869 qui
1404 827 1486 855 uno
1513 812 1717 856 vocabulo

145 884 287 926 addito
318 886 484 940 scripsit
515 885 616 927 ibid.
650 899 746 941 pag.
781 884 879 926 215.
918 885 955 926 I.
1001 883 1355 935 ’Λπόμισθοςε
1392 883 1408 925 ὅ
1442 884 1583 935 μισθοῦ
1616 883 1720 936 προέ-

145 953 220 1003 ξας
248 953 362 1006 ἔργον
386 971 423 996 τι
451 955 519 997 καὶ
538 957 816 997 ''AMICQOC
841 954 1063 1006 ἀφειμένος
1090 955 1312 1005 ἀπόμισθος
1339 961 1547 997 καλεῖται.
1584 953 1629 996 Si
1646 967 1720 1010 pro

146 1025 314 1076 ἄμισθος
357 1026 531 1068 dixisset
563 1025 629 1067 τὸν
662 1027 800 1076 μισθὸν
834 1026 976 1076 λαβών
1011 1028 1171 1081 optime
1201 1027 1403 1068 haberent
1437 1027 1589 1068 omnia.
1656 1024 1721 1066 Ex

146 1096 286 1152 aliquo
327 1100 449 1152 poeta
489 1101 681 1139 sumtum
716 1101 777 1139 est
810 1097 920 1153 quod
952 1097 1079 1139 habet
1111 1097 1376 1154 Hesychius:
1406 1097 1720 1147 ’Έκμισθοιῑ

146 1168 179 1209 οἱ
210 1169 348 1218 μισθὸν
380 1169 436 1217 μη
468 1167 772 1218 λαμβάνοντες.
822 1168 861 1210 Is
895 1182 1058 1223 quoque
1091 1168 1254 1210 fallitur
1284 1181 1465 1223 namque
1497 1165 1720 1218 ἀπόμισθος

148 1241 189 1280 et
221 1238 404 1289 ἔκμισθος
436 1239 549 1281 idem
581 1238 833 1296 significant.
898 1237 1167 1281 Contrarium
1199 1242 1261 1281 est
1292 1238 1500 1289 ἔμμισθος.

208 1376 300 1420 Lib.
350 1376 469 1419 XIX.
519 1376 589 1419 23.
644 1380 680 1420 1.
725 1379 870 1422 ἑαυτὸν
914 1380 968 1427 εἷς
1015 1377 1115 1433 ὕψος
1151 1379 1326 1430 ἤγαγεν.
1391 1377 1640 1436 Legendum
1673 1377 1723 1419 de

148 1462 263 1490 more
307 1449 362 1494 εἰς
409 1446 508 1501 ὕψος
545 1447 741 1504 ἾΙΡΕΝ,
785 1452 883 1505 quia
925 1451 1080 1504 ὑψηλὸν
1122 1449 1242 1503 αἴρειν
1285 1454 1326 1493 et
1368 1451 1422 1497 εἷς
1466 1448 1565 1501 ὕψος
1601 1448 1724 1501 αἴρειν

149 1518 320 1563 Graecis
352 1521 396 1560 in
430 1519 507 1561 tali
539 1534 583 1562 re
617 1525 865 1562 consuetum
899 1525 961 1563 est
993 1521 1143 1563 dicere.

208 1658 302 1702 Lib.
336 1659 482 1702 XXII.
518 1659 558 1702 9.
589 1660 626 1702 5.
657 1660 775 1703 όντων
803 1662 842 1702 ἐν
869 1663 923 1714 τῷ
951 1660 1110 1712 τεμένει
1140 1660 1361 1718 (Apollinis
1388 1660 1590 1719 Delphici)
1620 1660 1724 1702 δυοῖν

149 1734 239 1772 νεῶν
283 1736 495 1777 παντελῶς
533 1732 716 1784 ἀρχαίων
748 1734 919 1780 Ἀθηνάς
955 1732 1157 1782 προνάΟΤ
1193 1733 1259 1773 καὶ
1296 1731 1548 1784 Ἀρτέμιδος.
1615 1732 1721 1789 Leg.

148 1802 319 1849 Ἀθηνοῖς
362 1808 594 1854 προναΙΑΟ.
658 1802 899 1845 Herodotus
936 1803 1047 1846 VIII.
1085 1802 1156 1845 37.
1194 1803 1306 1846 κατα
1339 1805 1384 1845 τὸ
1417 1803 1494 1856 ἱρὸν
1529 1808 1601 1851 τῆς
1635 1818 1726 1855 προ·

149 1874 260 1921 ναίης
294 1873 534 1922 Ἀθηναίης,
569 1877 611 1915 et
644 1873 718 1916 alii
750 1876 922 1930 passim.

208 2013 302 2058 Lib.
349 2013 510 2057 XXXI.
555 2015 594 2057 9.
638 2017 840 2069 παρῄνεσε
883 2023 933 2069 τῇ
979 2016 1198 2069 συγκλήτῳ
1233 2017 1264 2058 εἶ
1298 2019 1355 2067 μη
1390 2017 1457 2058 τὸν
1489 2017 1724 2069 ἀνθρώπινον

151 2093 340 2129 ΦΟΒΟΝ
374 2087 673 2137 εὐλαβοῦνται,
707 2088 779 2136 τη’ν
812 2086 1115 2138 γε-νέμεσιν
1149 2088 1360 2130 αἰδεῖσθαι.
1424 2087 1507 2129 Pro
1544 2087 1723 2130 absurdo

150 2157 281 2212 φόβον
312 2157 520 2200 Diodorus
551 2159 771 2213 scripserat
804 2163 1062 2201 ΦΘΟΝΟΝ.

212 2297 306 2342 Lib.
347 2298 551 2341 XXXIII.
600 2297 672 2342 26.
718 2299 758 2341 3.
805 2300 838 2341 οἱ
881 2299 954 2350 μὲν
996 2298 1078 2352 γαρ
1124 2300 1254 2342 αὐτῶν
1286 2298 1394 2347 ὄντες
1429 2297 1723 2352 καταχρεῳ*

153 2372 280 2422 χρεῶν
321 2371 609 2412 ἀποΔΟΕΘΙΟ
651 2370 896 2421 εἰσηγοῦντο.
960 2369 1022 2412 De
1063 2370 1181 2412 nulla
1220 2385 1264 2412 re
1305 2372 1446 2413 minus
1482 2372 1726 2428 cogitabant

155 2444 196 2482 et
228 2441 384 2484 elamat
415 2443 476 2484 rei
507 2445 658 2483 natura
688 2445 817 2494 χρεῶν
850 2441 1126 2483 ἀποΚΟΠΑΟ
1153 2441 1365 2484 emendari
1395 2446 1595 2497 oportere.
1645 2442 1728 2483 No-

155 2526 221 2552 vas
262 2513 416 2554 tabulas
449 2511 599 2554 Graeci
631 2526 774 2554 omnes
806 2515 1043 2554 constanter
1078 2513 1136 2554 sic
1170 2511 1379 2567 appellare
1410 2512 1557 2554 solent.
1605 2512 1728 2555 Plato

156 2582 205 2624 de
246 2582 346 2638 Rep.
393 2597 488 2640 pag.
534 2581 690 2624 566.a.
736 2580 776 2628 ὃς
813 2583 863 2624 ἂν
895 2582 1020 2632 δήμου
1053 2584 1224 2635 προεςὼς
1245 2607 1299 2613 ——
1321 2583 1574 2636 ὑποσημαίνῃ
1602 2588 1730 2636 χρεῶν

156 2667 200 2693 τε
241 2654 455 2700 ἀποκοπὰς
500 2653 568 2694 καὶ
606 2658 684 2704 γῆς
720 2652 976 2703 ἀναδασμόν,
1014 2657 1055 2696 et
1086 2656 1143 2696 sic
1177 2667 1297 2709 saepe
1329 2653 1481 2709 reliqui
1514 2668 1657 2696 omnes
1690 2658 1731 2696 et

156 2722 361 2766 Diodorus
392 2724 511 2766 XIX.
548 2723 587 2765 9.
623 2724 660 2765 5.
699 2724 988 2775 ἐπηγγέλλετο
1023 2724 1124 2781 (leg.
1157 2725 1416 2777 ἐπήγγελτο)
1449 2724 1531 2777 γαρ
1557 2725 1734 2776 Ἀγαθο-

158 2799 256 2842 κλῆς
277 2799 476 2849 -χρεῶν
519 2795 732 2843 ἀποκοπὰς
778 2796 1011 2845 ποιήσεσθαι
1053 2795 1120 2838 καὶ
1155 2801 1238 2843 τοῖς
1270 2795 1411 2844 πένησι
1444 2793 1583 2850 χώραν
1616 2796 1734 2850 δωρή-

160 2865 312 2908 σεο-θαι.
