1946 3298
918 171 1004 215 536

172 298 413 352 κατόρθωμα
459 298 763 341 Eretriensium
815 314 912 356 pag.
967 299 1070 342 861.
1097 301 1151 349 b.‚
1206 300 1278 355 qui
1319 301 1508 353 iusiyuem
1546 301 1749 343 victoriam

176 371 354 412 navalem
385 374 636 423 reportarunt
667 371 806 411 deiude
837 371 1018 425 impetum
1050 372 1094 412 iu
1125 371 1266 412 Sardes
1286 371 1501 426 feceruut,
1537 373 1751 425 Artasplter-

177 456 261 481 uem
302 442 346 481 iu
388 456 474 481 aree
515 441 767 495 obsederunt,
811 442 997 483 Miletum
1039 442 1236 483 obsidione
1280 443 1500 483 liberarunt
1533 447 1568 483 et
1599 444 1752 484 tandem

177 512 353 559 πληθους
387 510 644 562 ἐπιχυθέντος
679 513 818 558 αὐτοῖς
850 513 1139 563 ἀπεχώρησαν.
1203 512 1320 554 Haec
1351 514 1487 569 igitur
1519 512 1612 555 dolo
1639 512 1752 554 malo

176 581 416 623 Herodotus
454 583 612 624 silentio
652 584 839 635 pressisse
881 585 1089 640 arguitur.
1155 583 1237 625 Sed
1279 598 1446 625 narrare
1478 598 1558 626 non
1591 587 1755 638 poterat

179 666 283 707 quae
314 666 548 707 numquam
580 660 700 710 gesta
732 658 892 702 essent,
927 668 1060 709 neque
1088 655 1234 696 eodem
1260 660 1450 709 tempore
1473 655 1755 709 Artaphernes

178 724 222 764 in
264 735 356 764 arce
399 721 601 766 Sardiana
642 725 910 766 obsidebatur
952 725 1002 766 ab
1045 725 1217 766 Ionibus
1261 728 1303 766 et
1336 738 1359 766 a
1389 725 1530 766 Persis
1562 724 1753 766 Miletus.

177 792 345 835 Habeat
376 793 457 835 sibi
488 794 590 836 haec
621 795 754 837 bonus
785 796 997 841 Λυσανίας
1030 796 1046 836 ὁ
1082 796 1348 845 Μαλλώτης,
1383 795 1494 837 unde
1523 795 1627 837 haec
1655 793 1756 835 Plu-

178 864 348 906 tarchus
380 868 601 907 sumserat.

241 934 343 986 Quis
382 949 465 977 non
495 938 641 978 statim
672 936 881 993 intelligit
911 936 1152 979 fabulosum
1187 951 1273 979 esse
1305 939 1518 980 somnium
1550 937 1758 980 Leonidae

180 1019 278 1062 pag.
323 1004 421 1046 865.
450 1007 486 1056 f.
533 1007 669 1048 Thebis
697 1007 742 1047 iu
762 1008 872 1061 fauo
905 1008 1116 1062 Herc-ulie,
1150 1012 1192 1048 iu
1223 1023 1296 1063 quo
1328 1023 1434 1049 uemo
1466 1024 1644 1064 umquam
1666 1024 1759 1062 per-

182 1081 419 1118 noctaverat.
482 1077 761 1132 Perspicuum
794 1081 856 1119 est
885 1078 1085 1119 fabellam
1117 1078 1224 1120 hanc
1256 1082 1350 1133 post
1377 1078 1642 1120 Leuctricam
1673 1081 1759 1121 vic-

184 1148 337 1188 toriam
382 1161 469 1189 esse
511 1151 667 1189 natam.
732 1147 960 1202 Aliquanto
1005 1150 1133 1189 etiam
1180 1149 1398 1190 absurdior
1438 1149 1582 1191 fabula
1624 1153 1686 1191 est
1718 1154 1760 1191 et

183 1217 355 1271 puerilis
396 1231 494 1275 pag.
539 1216 639 1258 866.
667 1233 703 1258 α.
744 1218 794 1259 de
825 1222 960 1260 morte
987 1218 1218 1260 Leonidae:
1252 1219 1448 1260 Leonidas
1480 1220 1654 1274 undique
1685 1220 1761 1260 eir-

184 1293 405 1329 camo-entus
436 1304 521 1329 eum
551 1289 634 1329 suis
664 1289 849 1342 irrumpit
878 1289 922 1329 iu
955 1293 1081 1329 eastra
1112 1289 1322 1330 Persarum
1356 1295 1398 1330 ut
1430 1305 1553 1342 reyem
1580 1290 1624 1331 in
1646 1305 1761 1344 prae-

186 1359 286 1399 torio
335 1359 552 1400 occiderent
600 1359 730 1414 ibique
771 1364 992 1413 oppeterent
1032 1366 1199 1400 mortem.
1273 1360 1433 1401 Obvium
1474 1376 1657 1416 quemque
1697 1362 1760 1401 ob-

185 1432 370 1471 truncant
418 1435 487 1470 aut
533 1430 698 1484 fuyzmt,
746 1430 816 1470 sed
855 1445 924 1470 rex
966 1430 1134 1483 reperiri,
1175 1445 1252 1471 uon
1282 1431 1442 1484 potuit:
1485 1431 1572 1472 ἐπεὶ
1614 1431 1648 1473 δ’
1681 1432 1760 1483 οὐχ

189 1500 393 1551 ηὑρίσκετο
426 1500 628 1550 βασιλεὺς
659 1501 697 1541 ἐν
724 1501 881 1551 ἀχανεῖ
904 1500 1162 1552 ςρατεύματι
1193 1527 1248 1531 -
1282 1502 1536 1551 πλανώμενοι
1566 1500 1685 1552 μόλις
1705 1527 1759 1533 -

189 1569 476 1623 διεφθάρησαν.
538 1570 655 1612 Haec
702 1571 754 1627 (si
793 1570 1022 1612 Plutarcho
1065 1571 1289 1621 credimus)
1326 1586 1491 1614 narrare
1522 1571 1762 1614 Herodotus

188 1640 399 1683 debuerat.
465 1640 550 1684 Cur
581 1655 663 1684 non
694 1642 840 1683 fecerit
872 1642 982 1682 mihi
1011 1644 1242 1697 perspicere
1274 1643 1430 1685 videor.

250 1709 331 1752 Sed
365 1716 463 1753 sunt
491 1712 573 1754 alia
601 1714 731 1754 etiam
758 1712 883 1768 longe
902 1713 1157 1754 absurdiora.
1192 1712 1396 1755 Leonidas
1414 1713 1562 1768 Sparta
1578 1713 1762 1769 proficis-

187 1794 282 1823 cens
323 1796 419 1838 pag.
465 1782 565 1825 866.
585 1784 618 1824 b.
659 1785 714 1824 acl
742 1788 883 1824 eertum
914 1787 1069 1824 mortem
1101 1783 1182 1824 sibi
1215 1788 1256 1824 et
1288 1784 1483 1825 omnibus
1514 1785 1760 1827 contendere

188 1852 370 1894 videtur.
435 1858 618 1904 „Paucos
658 1853 788 1903 dueie”
826 1854 933 1895 dixit
965 1853 1141 1908 aliquis;
1183 1854 1358 1900 πολλοὺς
1392 1855 1466 1904 μὲν
1502 1851 1582 1911 (οὖν
1617 1855 1762 1910 add.),

189 1919 289 1974 ἔφη,
335 1925 384 1970 ὥς
429 1924 746 1975 τεθνηξομένους.
812 1925 984 1976 Quaerit
1025 1938 1075 1966 ex
1118 1938 1164 1966 eo
1206 1938 1312 1966 uxor
1350 1925 1456 1966 εἴτι
1489 1926 1618 1975 λέγοι.
1683 1924 1763 1968 Cui

190 1992 285 2035 ille:
328 1995 500 2045 ἀγαθοῖς
543 1996 771 2046 γαμεῖσθαι
816 1997 883 2036 καὶ
928 1996 1072 2045 ἀγαθοὶ
1114 1995 1277 2036 τίκτειν.
1342 1995 1459 2037 Haec
1499 1998 1636 2038 omnis
1668 2010 1764 2038 con-

192 2067 392 2107 sternatio
435 2068 670 2108 animorum
713 2070 754 2108 et
796 2066 1027 2120 desperatio
1071 2066 1120 2107 de
1161 2065 1294 2108 nihilo
1337 2065 1434 2108 ficta
1467 2071 1542 2109 est.
1605 2067 1766 2124 Magna

194 2139 336 2177 contra
378 2150 521 2179 omnes
563 2138 733 2179 tenebat
774 2151 866 2191 spes
909 2140 950 2178 et
988 2134 1140 2177 fiducia
1182 2134 1240 2178 ἔτι
1276 2140 1350 2189 σφι
1385 2136 1443 2185 εἴη
1477 2137 1598 2179 δεινὸν
1630 2137 1763 2180 οὐδέν·

193 2207 235 2247 οὗ
281 2207 361 2258 γὰρ
404 2207 485 2248 θεὸν
527 2205 629 2249 εἶναι
670 2208 736 2250 τὸν
777 2205 945 2248 ἐπιόντα
987 2206 1052 2247 ἐπὶ
1097 2207 1167 2253 την
1213 2207 1400 2249 Ἑλλάδα
1435 2208 1533 2250 ἀλλ’
1566 2207 1765 2261 ἄνθρωπον

196 2275 366 2329 (Herod.
401 2277 492 2319 VH.
527 2277 645 2332 203).

251 2347 609 2390 Praemittebatur
650 2348 854 2391 Leonidas
897 2362 993 2389 cum
1036 2350 1180 2403 paucis
1221 2352 1389 2404 propter
1431 2349 1577 2404 ferias,
1611 2351 1764 2405 quibus

191 2420 368 2472 peractis
408 2419 561 2474 reliqui
601 2433 744 2461 omnes
777 2419 981 2468 πανδημεί
1012 2423 1147 2460 essent
1185 2421 1369 2460 secuturi
1403 2424 1444 2461 et
1474 2433 1597 2462 nemo
1631 2422 1765 2476 suspi-

193 2489 364 2530 cabatur
419 2490 471 2531 ad
528 2489 832 2546 Thermopylas
879 2494 969 2531 tam
1016 2491 1098 2530 cito
1147 2489 1406 2531 debellatum
1455 2491 1541 2532 fore
1591 2490 1763 2547 (Herod.

191 2558 282 2600 VII.
317 2558 441 2611 206.)

254 2629 371 2680 Quod
414 2633 554 2672 autem
585 2644 752 2684 prorsus
784 2631 1013 2672 absurdum
1045 2633 1086 2672 et
1117 2629 1346 2672 ridiculum
1379 2635 1440 2673 est
1470 2646 1580 2673 nunc
1612 2631 1762 2673 dicam.

192 2701 356 2750 Ἀρνῶνα
399 2700 474 2750 μὲν
515 2700 597 2752 γαρ
641 2701 856 2753 ἐπιτάφιον
889 2702 999 2752 αὐτῷ
1035 2700 1284 2751 ἠγωνίσαντο
1318 2702 1391 2753 πρὸ
1424 2707 1496 2750 τῆς
1530 2700 1662 2750 ἐξόδου
1697 2702 1763 2743 καὶ

189 2775 328 2812 τοῦτον
377 2772 535 2813 ἐθεῶντο
579 2770 752 2823 πατέρες
803 2773 934 2813 αὐτῶν
983 2771 1050 2812 καὶ
1100 2771 1285 2823 μητέρες.
1352 2770 1438 2814 Cur
1474 2785 1555 2813 non
1599 2776 1641 2814 et
1686 2772 1765 2814 filii

185 2847 419 2897 spectatum
467 2841 664 2884 admissi?
708 2856 889 2896 namque
931 2841 1171 2884 Herodotus
1221 2846 1365 2884 auctor
1413 2846 1476 2884 est
1523 2842 1615 2885 VII.
1659 2842 1761 2884 205.

172 2916 377 2959 trecentos
409 2927 495 2955 esse
527 2912 707 2955 delectos
739 2917 840 2954 τοῖσι
875 2912 1113 2964 ἐτύγχανον
1151 2913 1301 2959 παῖδες
1338 2911 1445 2954 ἐόντε
1457 2928 1491 2958 ς.
