<?xml version="1.0" encoding="UTF-8"?>
<!DOCTYPE html PUBLIC "-//W3C//DTD XHTML 1.0 Transitional//EN"
    "http://www.w3.org/TR/xhtml1/DTD/xhtml1-transitional.dtd">
<html xmlns="http://www.w3.org/1999/xhtml" xml:lang="en" lang="en">
 <head>
  <title>
</title>
<meta http-equiv="Content-Type" content="text/html;charset=utf-8" />
  <meta name='ocr-system' content='tesseract 3.04.00' />
  <meta name='ocr-capabilities' content='ocr_page ocr_carea ocr_par ocr_line ocrx_word'/>
</head>
<body>
  <div class='ocr_page' id='page_1' title='image "./collectaneacriti00cobeuoft_0179.png"; bbox 0 0 1946 3298; ppageno 0'>
   <div class='ocr_carea' id='block_1_1' title="bbox 904 144 984 188">
    <p class='ocr_par' dir='ltr' id='par_1_1' title="bbox 904 144 984 188">
     <span class='ocr_line' id='line_1_1' title="bbox 904 144 984 188; baseline 0 0"><span class='ocrx_word' id='word_1_1' title='bbox 904 144 984 188; x_wconf 88' lang='lat'>161</span> 
     </span>
    </p>
   </div>
   <div class='ocr_carea' id='block_1_2' title="bbox 156 269 1730 872">
    <p class='ocr_par' dir='ltr' id='par_1_2' title="bbox 156 269 1730 872">
     <span class='ocr_line' id='line_1_2' title="bbox 217 269 1725 321; baseline 0.001 -9"><span class='ocrx_word' id='word_1_2' title='bbox 217 269 380 312; x_wconf 79' lang='lat' dir='ltr'>Suidas.</span> <span class='ocrx_word' id='word_1_3' title='bbox 413 284 456 311; x_wconf 86' lang='lat' dir='ltr'>v.</span> <span class='ocrx_word' id='word_1_4' title='bbox 503 271 765 321; x_wconf 83' lang='grc' dir='ltr'><em>Ἀκρατῶς</em></span> <span class='ocrx_word' id='word_1_5' title='bbox 808 269 1134 320; x_wconf 69' lang='grc' dir='ltr'><em>ἐπιτεταμένως,</em></span> <span class='ocrx_word' id='word_1_6' title='bbox 1166 269 1355 316; x_wconf 78' lang='grc' dir='ltr'><em>συντόνως</em></span> <span class='ocrx_word' id='word_1_7' title='bbox 1392 303 1413 321; x_wconf 84' lang='grc'>,,</span> <span class='ocrx_word' id='word_1_8' title='bbox 1426 271 1565 318; x_wconf 82' lang='grc' dir='ltr'><em>ἱππεῖς</em></span> <span class='ocrx_word' id='word_1_9' title='bbox 1599 272 1725 320; x_wconf 73' lang='grc' dir='ltr'><em>ἤλαυ-</em></span> 
     </span>
     <span class='ocr_line' id='line_1_3' title="bbox 158 337 1725 395; baseline 0.002 -14"><span class='ocrx_word' id='word_1_10' title='bbox 158 355 216 381; x_wconf 91' lang='grc' dir='ltr'>νον</span> <span class='ocrx_word' id='word_1_11' title='bbox 250 340 495 390; x_wconf 71' lang='grc' dir='ltr'><em>ἀκρατῶς</em></span> <span class='ocrx_word' id='word_1_12' title='bbox 529 340 597 381; x_wconf 79' lang='grc' dir='ltr'>καὶ</span> <span class='ocrx_word' id='word_1_13' title='bbox 631 337 724 389; x_wconf 69' lang='grc' dir='ltr'>ἅμα</span> <span class='ocrx_word' id='word_1_14' title='bbox 758 339 974 389; x_wconf 75' lang='grc' dir='ltr'><em>οὶνεβόων.”</em></span> <span class='ocrx_word' id='word_1_15' title='bbox 1036 340 1149 381; x_wconf 85' lang='lat' dir='ltr'>Fieri</span> <span class='ocrx_word' id='word_1_16' title='bbox 1179 353 1261 381; x_wconf 91' lang='lat' dir='ltr'>non</span> <span class='ocrx_word' id='word_1_17' title='bbox 1292 343 1429 395; x_wconf 85' lang='lat' dir='ltr'>potest</span> <span class='ocrx_word' id='word_1_18' title='bbox 1458 345 1508 383; x_wconf 90' lang='lat' dir='ltr'>ut</span> <span class='ocrx_word' id='word_1_19' title='bbox 1543 344 1725 393; x_wconf 63' lang='grc' dir='ltr'><em>ἀκρατῶς</em></span> 
     </span>
     <span class='ocr_line' id='line_1_4' title="bbox 158 409 1729 466; baseline 0.001 -15"><span class='ocrx_word' id='word_1_20' title='bbox 158 423 249 452; x_wconf 85' lang='lat' dir='ltr'>eam</span> <span class='ocrx_word' id='word_1_21' title='bbox 281 409 432 451; x_wconf 88' lang='lat' dir='ltr'>habeat</span> <span class='ocrx_word' id='word_1_22' title='bbox 464 409 825 466; x_wconf 87' lang='lat' dir='ltr'>significationem.</span> <span class='ocrx_word' id='word_1_23' title='bbox 882 410 1056 464; x_wconf 87' lang='lat' dir='ltr'>Decepit</span> <span class='ocrx_word' id='word_1_24' title='bbox 1087 409 1263 451; x_wconf 79' lang='lat' dir='ltr'>Suidam</span> <span class='ocrx_word' id='word_1_25' title='bbox 1295 411 1493 453; x_wconf 88' lang='lat' dir='ltr'>mendosa</span> <span class='ocrx_word' id='word_1_26' title='bbox 1524 413 1729 466; x_wconf 86' lang='lat' dir='ltr'>scriptura</span> 
     </span>
     <span class='ocr_line' id='line_1_5' title="bbox 157 480 1728 534; baseline 0.001 -14"><span class='ocrx_word' id='word_1_27' title='bbox 157 481 340 530; x_wconf 70' lang='grc' dir='ltr'><em>ἀκρατῶς</em></span> <span class='ocrx_word' id='word_1_28' title='bbox 382 494 455 534; x_wconf 87' lang='lat' dir='ltr'>pro</span> <span class='ocrx_word' id='word_1_29' title='bbox 497 480 727 532; x_wconf 74' lang='grc' dir='ltr'><em>αγκρατος,</em></span> <span class='ocrx_word' id='word_1_30' title='bbox 772 481 881 534; x_wconf 89' lang='lat' dir='ltr'>quod</span> <span class='ocrx_word' id='word_1_31' title='bbox 920 482 1058 522; x_wconf 87' lang='lat' dir='ltr'>nescio</span> <span class='ocrx_word' id='word_1_32' title='bbox 1100 482 1193 534; x_wconf 85' lang='lat' dir='ltr'>quis</span> <span class='ocrx_word' id='word_1_33' title='bbox 1225 481 1334 522; x_wconf 84' lang='lat' dir='ltr'>dixit</span> <span class='ocrx_word' id='word_1_34' title='bbox 1364 483 1558 523; x_wconf 88' lang='lat' dir='ltr'>imitatus</span> <span class='ocrx_word' id='word_1_35' title='bbox 1590 481 1728 522; x_wconf 87' lang='lat' dir='ltr'>Xeno-</span> 
     </span>
     <span class='ocr_line' id='line_1_6' title="bbox 156 549 1726 607; baseline 0 -16"><span class='ocrx_word' id='word_1_36' title='bbox 156 550 358 604; x_wconf 86' lang='lat' dir='ltr'>phontem</span> <span class='ocrx_word' id='word_1_37' title='bbox 400 551 525 590; x_wconf 73' lang='lat' dir='ltr'>Anah.</span> <span class='ocrx_word' id='word_1_38' title='bbox 559 549 590 590; x_wconf 92' lang='lat' dir='ltr'>I.</span> <span class='ocrx_word' id='word_1_39' title='bbox 626 549 666 591; x_wconf 81' lang='lat'>8.</span> <span class='ocrx_word' id='word_1_40' title='bbox 704 550 741 591; x_wconf 91' lang='grc'>1.</span> <span class='ocrx_word' id='word_1_41' title='bbox 775 550 930 591; x_wconf 86' lang='lat' dir='ltr'>Anecd.</span> <span class='ocrx_word' id='word_1_42' title='bbox 963 549 1145 591; x_wconf 81' lang='lat' dir='ltr'>Bekkeri</span> <span class='ocrx_word' id='word_1_43' title='bbox 1176 564 1272 607; x_wconf 93' lang='lat' dir='ltr'>pag.</span> <span class='ocrx_word' id='word_1_44' title='bbox 1309 550 1409 592; x_wconf 78' lang='lat'>329.</span> <span class='ocrx_word' id='word_1_45' title='bbox 1448 550 1512 593; x_wconf 85' lang='lat'>15.</span> <span class='ocrx_word' id='word_1_46' title='bbox 1549 551 1726 601; x_wconf 84' lang='grc' dir='ltr'><em>Ἀκρα-</em></span> 
     </span>
     <span class='ocr_line' id='line_1_7' title="bbox 157 619 1728 676; baseline 0.001 -16"><span class='ocrx_word' id='word_1_47' title='bbox 157 623 257 665; x_wconf 80' lang='grc' dir='ltr'>τῶς</span> <span class='ocrx_word' id='word_1_48' title='bbox 301 619 619 661; x_wconf 73' lang='grc' dir='ltr'><em>ἐλαύνονταε</em></span> <span class='ocrx_word' id='word_1_49' title='bbox 666 623 844 671; x_wconf 78' lang='grc' dir='ltr'><em>Ξενοφῶν</em></span> <span class='ocrx_word' id='word_1_50' title='bbox 889 620 978 660; x_wconf 73' lang='grc' dir='ltr'><em>ἀντὶ</em></span> <span class='ocrx_word' id='word_1_51' title='bbox 1021 622 1089 661; x_wconf 78' lang='grc' dir='ltr'>τοῦ</span> <span class='ocrx_word' id='word_1_52' title='bbox 1132 620 1240 661; x_wconf 66' lang='grc' dir='ltr'><em>πάνυ</em></span> <span class='ocrx_word' id='word_1_53' title='bbox 1283 621 1519 663; x_wconf 83' lang='grc' dir='ltr'><em>ἐλαύνοντα.</em></span> <span class='ocrx_word' id='word_1_54' title='bbox 1559 624 1600 662; x_wconf 80' lang='lat' dir='ltr'>et</span> <span class='ocrx_word' id='word_1_55' title='bbox 1631 634 1728 676; x_wconf 83' lang='lat' dir='ltr'>pag.</span> 
     </span>
     <span class='ocr_line' id='line_1_8' title="bbox 159 687 1728 742; baseline -0.001 -11"><span class='ocrx_word' id='word_1_56' title='bbox 159 687 258 732; x_wconf 79' lang='lat'>337.</span> <span class='ocrx_word' id='word_1_57' title='bbox 301 688 372 732; x_wconf 79' lang='grc'>27.</span> <span class='ocrx_word' id='word_1_58' title='bbox 434 690 727 740; x_wconf 68' lang='grc' dir='ltr'><em>Ἀγκροὶτος</em></span> <span class='ocrx_word' id='word_1_59' title='bbox 773 690 976 731; x_wconf 83' lang='grc' dir='ltr'><em>ἐλαύνω</em></span> <span class='ocrx_word' id='word_1_60' title='bbox 1018 687 1108 731; x_wconf 81' lang='grc' dir='ltr'><em>εἷπε</em></span> <span class='ocrx_word' id='word_1_61' title='bbox 1152 694 1331 742; x_wconf 79' lang='grc' dir='ltr'><em>Ξενοφῶν</em></span> <span class='ocrx_word' id='word_1_62' title='bbox 1374 692 1484 733; x_wconf 67' lang='grc' dir='ltr'><em>κατὰ</em></span> <span class='ocrx_word' id='word_1_63' title='bbox 1518 690 1728 740; x_wconf 49' lang='lat' dir='ltr'>summan</span> 
     </span>
     <span class='ocr_line' id='line_1_9' title="bbox 158 759 1730 817; baseline 0.001 -17"><span class='ocrx_word' id='word_1_64' title='bbox 158 759 248 800; x_wconf 71' lang='grc' dir='ltr'><em>ἀντὶ</em></span> <span class='ocrx_word' id='word_1_65' title='bbox 282 762 351 800; x_wconf 79' lang='grc' dir='ltr'>τοῦ</span> <span class='ocrx_word' id='word_1_66' title='bbox 385 760 483 801; x_wconf 65' lang='grc' dir='ltr'><em>ἀνα</em></span> <span class='ocrx_word' id='word_1_67' title='bbox 521 759 727 811; x_wconf 69' lang='grc' dir='ltr'><em>κράτος,</em></span> <span class='ocrx_word' id='word_1_68' title='bbox 792 760 885 802; x_wconf 90' lang='lat' dir='ltr'>Hoc</span> <span class='ocrx_word' id='word_1_69' title='bbox 916 774 1080 815; x_wconf 87' lang='lat' dir='ltr'>quoquc</span> <span class='ocrx_word' id='word_1_70' title='bbox 1111 760 1344 817; x_wconf 83' lang='lat' dir='ltr'>Xenophon</span> <span class='ocrx_word' id='word_1_71' title='bbox 1374 775 1456 804; x_wconf 92' lang='lat' dir='ltr'>non</span> <span class='ocrx_word' id='word_1_72' title='bbox 1486 763 1531 803; x_wconf 89' lang='lat' dir='ltr'>in</span> <span class='ocrx_word' id='word_1_73' title='bbox 1563 761 1730 813; x_wconf 86' lang='lat' dir='ltr'>Attica,</span> 
     </span>
     <span class='ocr_line' id='line_1_10' title="bbox 157 829 1135 872; baseline 0.001 -1"><span class='ocrx_word' id='word_1_74' title='bbox 157 829 229 871; x_wconf 87' lang='lat' dir='ltr'>sed</span> <span class='ocrx_word' id='word_1_75' title='bbox 259 831 304 871; x_wconf 90' lang='lat' dir='ltr'>in</span> <span class='ocrx_word' id='word_1_76' title='bbox 334 830 435 871; x_wconf 85' lang='lat' dir='ltr'>Asia</span> <span class='ocrx_word' id='word_1_77' title='bbox 466 831 683 872; x_wconf 80' lang='lat' dir='ltr'>audiverat</span> <span class='ocrx_word' id='word_1_78' title='bbox 713 830 906 872; x_wconf 89' lang='lat' dir='ltr'>homines</span> <span class='ocrx_word' id='word_1_79' title='bbox 939 830 1135 872; x_wconf 85' lang='lat' dir='ltr'>dicentes.</span> 
     </span>
    </p>
   </div>
   <div class='ocr_carea' id='block_1_3' title="bbox 156 1008 1737 1616">
    <p class='ocr_par' dir='ltr' id='par_1_3' title="bbox 156 1008 1737 1416">
     <span class='ocr_line' id='line_1_11' title="bbox 219 1008 1732 1062; baseline 0.001 -12"><span class='ocrx_word' id='word_1_80' title='bbox 219 1008 334 1051; x_wconf 81' lang='lat' dir='ltr'>Suid.</span> <span class='ocrx_word' id='word_1_81' title='bbox 380 1025 420 1051; x_wconf 86' lang='lat' dir='ltr'>v.</span> <span class='ocrx_word' id='word_1_82' title='bbox 465 1008 945 1062; x_wconf 72' lang='grc' dir='ltr'><em>Ἀλαζώνε--Πλοὲτων</em></span> <span class='ocrx_word' id='word_1_83' title='bbox 988 1009 1029 1051; x_wconf 82' lang='grc' dir='ltr'>δὲ</span> <span class='ocrx_word' id='word_1_84' title='bbox 1070 1009 1332 1061; x_wconf 76' lang='grc' dir='ltr'><em>οὲλαζόσιν</em></span> <span class='ocrx_word' id='word_1_85' title='bbox 1374 1009 1464 1051; x_wconf 69' lang='grc' dir='ltr'><em>ἀντὶ</em></span> <span class='ocrx_word' id='word_1_86' title='bbox 1498 1012 1566 1051; x_wconf 78' lang='grc' dir='ltr'>τοῦ</span> <span class='ocrx_word' id='word_1_87' title='bbox 1608 1009 1732 1062; x_wconf 80' lang='grc' dir='ltr'><em>ψεύ-</em></span> 
     </span>
     <span class='ocr_line' id='line_1_12' title="bbox 158 1079 1733 1136; baseline 0.001 -16"><span class='ocrx_word' id='word_1_88' title='bbox 158 1095 292 1125; x_wconf 82' lang='grc' dir='ltr'><em>ςαις.</em></span> <span class='ocrx_word' id='word_1_89' title='bbox 355 1079 532 1136; x_wconf 77' lang='lat' dir='ltr'>Legitur</span> <span class='ocrx_word' id='word_1_90' title='bbox 574 1081 617 1120; x_wconf 91' lang='lat' dir='ltr'>in</span> <span class='ocrx_word' id='word_1_91' title='bbox 658 1079 848 1121; x_wconf 75' lang='lat' dir='ltr'>Platonis</span> <span class='ocrx_word' id='word_1_92' title='bbox 890 1080 1035 1134; x_wconf 68' lang='lat' dir='ltr'>Lyside</span> <span class='ocrx_word' id='word_1_93' title='bbox 1080 1094 1177 1136; x_wconf 89' lang='lat' dir='ltr'>pag.</span> <span class='ocrx_word' id='word_1_94' title='bbox 1227 1079 1313 1122; x_wconf 76' lang='lat'>218</span> <span class='ocrx_word' id='word_1_95' title='bbox 1331 1082 1369 1121; x_wconf 79' lang='lat' dir='ltr'>d.</span> <span class='ocrx_word' id='word_1_96' title='bbox 1415 1080 1629 1131; x_wconf 77' lang='grc' dir='ltr'><em>Φοβοῦμαι</em></span> <span class='ocrx_word' id='word_1_97' title='bbox 1675 1081 1733 1130; x_wconf 71' lang='grc' dir='ltr'>μὴ</span> 
     </span>
     <span class='ocr_line' id='line_1_13' title="bbox 156 1146 1733 1206; baseline 0.002 -17"><span class='ocrx_word' id='word_1_98' title='bbox 156 1146 285 1200; x_wconf 75' lang='grc' dir='ltr'><em>ὥσπερ</em></span> <span class='ocrx_word' id='word_1_99' title='bbox 328 1149 540 1201; x_wconf 66' lang='grc' dir='ltr'><em>ἀνθρώποις</em></span> <span class='ocrx_word' id='word_1_100' title='bbox 584 1148 757 1201; x_wconf 76' lang='grc' dir='ltr'><em>οέλαζόσι</em></span> <span class='ocrx_word' id='word_1_101' title='bbox 800 1150 934 1199; x_wconf 72' lang='grc' dir='ltr'><em>λόγοις</em></span> <span class='ocrx_word' id='word_1_102' title='bbox 979 1150 1058 1191; x_wconf 76' lang='grc' dir='ltr'><em>τισὶ</em></span> <span class='ocrx_word' id='word_1_103' title='bbox 1103 1150 1291 1196; x_wconf 80' lang='grc' dir='ltr'><em>τοιούτοις</em></span> <span class='ocrx_word' id='word_1_104' title='bbox 1333 1151 1544 1206; x_wconf 79' lang='grc' dir='ltr'><em>[ψεύςαις]</em></span> <span class='ocrx_word' id='word_1_105' title='bbox 1577 1151 1733 1192; x_wconf 85' lang='grc' dir='ltr'><em>ἐντετυ-</em></span> 
     </span>
     <span class='ocr_line' id='line_1_14' title="bbox 156 1219 1735 1272; baseline 0.002 -12"><span class='ocrx_word' id='word_1_106' title='bbox 156 1219 349 1272; x_wconf 71' lang='grc' dir='ltr'><em>χήκαμεν</em></span> <span class='ocrx_word' id='word_1_107' title='bbox 402 1219 489 1270; x_wconf 75' lang='grc' dir='ltr'>περὶ</span> <span class='ocrx_word' id='word_1_108' title='bbox 538 1222 607 1261; x_wconf 78' lang='grc' dir='ltr'>τοῦ</span> <span class='ocrx_word' id='word_1_109' title='bbox 655 1219 792 1269; x_wconf 78' lang='grc' dir='ltr'><em>Φίλου.</em></span> <span class='ocrx_word' id='word_1_110' title='bbox 857 1220 985 1261; x_wconf 78' lang='lat' dir='ltr'>Estne</span> <span class='ocrx_word' id='word_1_111' title='bbox 1032 1220 1242 1263; x_wconf 83' lang='lat' dir='ltr'>emblema</span> <span class='ocrx_word' id='word_1_112' title='bbox 1288 1223 1389 1263; x_wconf 85' lang='lat' dir='ltr'>satis</span> <span class='ocrx_word' id='word_1_113' title='bbox 1434 1219 1735 1263; x_wconf 79' lang='lat' dir='ltr'>manifestum?</span> 
     </span>
     <span class='ocr_line' id='line_1_15' title="bbox 158 1290 1737 1347; baseline 0.001 -16"><span class='ocrx_word' id='word_1_114' title='bbox 158 1290 277 1332; x_wconf 83' lang='lat' dir='ltr'>Dixit</span> <span class='ocrx_word' id='word_1_115' title='bbox 321 1293 507 1336; x_wconf 81' lang='grc' dir='ltr'><em>τοιούτοις</em></span> <span class='ocrx_word' id='word_1_116' title='bbox 557 1304 608 1332; x_wconf 90' lang='lat' dir='ltr'>ne</span> <span class='ocrx_word' id='word_1_117' title='bbox 656 1290 852 1343; x_wconf 66' lang='grc' dir='ltr'><em>ἀλαζόσιν</em></span> <span class='ocrx_word' id='word_1_118' title='bbox 899 1290 1159 1347; x_wconf 78' lang='lat' dir='ltr'>ineleganter</span> <span class='ocrx_word' id='word_1_119' title='bbox 1203 1295 1481 1346; x_wconf 87' lang='lat' dir='ltr'>repeteretur,</span> <span class='ocrx_word' id='word_1_120' title='bbox 1532 1294 1581 1332; x_wconf 92' lang='lat' dir='ltr'>ut</span> <span class='ocrx_word' id='word_1_121' title='bbox 1626 1291 1737 1347; x_wconf 84' lang='lat' dir='ltr'>apud</span> 
     </span>
     <span class='ocr_line' id='line_1_16' title="bbox 159 1361 431 1416; baseline 0 -13"><span class='ocrx_word' id='word_1_122' title='bbox 159 1361 431 1416; x_wconf 85' lang='lat' dir='ltr'>Euripidem:</span> 
     </span>
    </p>

    <p class='ocr_par' dir='ltr' id='par_1_4' title="bbox 159 1430 1736 1616">
     <span class='ocr_line' id='line_1_17' title="bbox 480 1430 1365 1484; baseline 0.001 -12"><span class='ocrx_word' id='word_1_123' title='bbox 480 1431 608 1483; x_wconf 84' lang='grc' dir='ltr'><em>’Ἔρως</em></span> <span class='ocrx_word' id='word_1_124' title='bbox 642 1431 724 1482; x_wconf 73' lang='grc' dir='ltr'>γαρ</span> <span class='ocrx_word' id='word_1_125' title='bbox 758 1430 883 1482; x_wconf 65' lang='grc' dir='ltr'><em>ἀργὸς</em></span> <span class='ocrx_word' id='word_1_126' title='bbox 914 1430 1016 1472; x_wconf 74' lang='grc' dir='ltr'><em>κοὶπὶ</em></span> <span class='ocrx_word' id='word_1_127' title='bbox 1049 1431 1238 1477; x_wconf 80' lang='grc' dir='ltr'><em>τοιούτοις</em></span> <span class='ocrx_word' id='word_1_128' title='bbox 1271 1430 1365 1484; x_wconf 78' lang='grc' dir='ltr'><strong>ἔφυ.</strong></span> 
     </span>
     <span class='ocr_line' id='line_1_18' title="bbox 159 1500 1736 1558; baseline -0.001 -14"><span class='ocrx_word' id='word_1_129' title='bbox 159 1502 308 1544; x_wconf 86' lang='lat' dir='ltr'>deinde</span> <span class='ocrx_word' id='word_1_130' title='bbox 351 1501 525 1552; x_wconf 79' lang='grc' dir='ltr'><em>ψεύςαις</em></span> <span class='ocrx_word' id='word_1_131' title='bbox 567 1503 612 1542; x_wconf 88' lang='lat' dir='ltr'>in</span> <span class='ocrx_word' id='word_1_132' title='bbox 655 1503 847 1558; x_wconf 86' lang='lat' dir='ltr'>margine</span> <span class='ocrx_word' id='word_1_133' title='bbox 888 1502 939 1543; x_wconf 88' lang='lat' dir='ltr'>ad</span> <span class='ocrx_word' id='word_1_134' title='bbox 981 1500 1155 1554; x_wconf 71' lang='grc' dir='ltr'><em>ἀλαζόσι</em></span> <span class='ocrx_word' id='word_1_135' title='bbox 1189 1502 1447 1558; x_wconf 86' lang='lat' dir='ltr'>adscriptum</span> <span class='ocrx_word' id='word_1_136' title='bbox 1479 1504 1523 1545; x_wconf 90' lang='lat' dir='ltr'>in</span> <span class='ocrx_word' id='word_1_137' title='bbox 1555 1503 1736 1546; x_wconf 87' lang='lat' dir='ltr'>alienam</span> 
     </span>
     <span class='ocr_line' id='line_1_19' title="bbox 159 1573 655 1616; baseline -0.006 0"><span class='ocrx_word' id='word_1_138' title='bbox 159 1573 302 1616; x_wconf 85' lang='lat' dir='ltr'>sedem</span> <span class='ocrx_word' id='word_1_139' title='bbox 335 1586 378 1615; x_wconf 88' lang='lat' dir='ltr'>se</span> <span class='ocrx_word' id='word_1_140' title='bbox 408 1573 655 1615; x_wconf 80' lang='lat' dir='ltr'>insinuavit.</span> 
     </span>
    </p>
   </div>
   <div class='ocr_carea' id='block_1_4' title="bbox 158 1740 1738 2982">
    <p class='ocr_par' dir='ltr' id='par_1_5' title="bbox 158 1740 1736 2066">
     <span class='ocr_line' id='line_1_20' title="bbox 218 1740 1736 1795; baseline 0.003 -11"><span class='ocrx_word' id='word_1_141' title='bbox 218 1742 370 1784; x_wconf 80' lang='lat' dir='ltr'>Suidas</span> <span class='ocrx_word' id='word_1_142' title='bbox 411 1757 452 1784; x_wconf 86' lang='lat' dir='ltr'>v.</span> <span class='ocrx_word' id='word_1_143' title='bbox 496 1741 678 1785; x_wconf 77' lang='grc' dir='ltr'><em>Ἅλειά</em></span> <span class='ocrx_word' id='word_1_144' title='bbox 721 1743 742 1790; x_wconf 74' lang='grc' dir='ltr'>ἡ</span> <span class='ocrx_word' id='word_1_145' title='bbox 783 1740 989 1793; x_wconf 67' lang='grc' dir='ltr'><em>όὲγρευσις.</em></span> <span class='ocrx_word' id='word_1_146' title='bbox 1053 1742 1263 1785; x_wconf 80' lang='lat' dir='ltr'>Graecum</span> <span class='ocrx_word' id='word_1_147' title='bbox 1294 1748 1357 1786; x_wconf 90' lang='lat' dir='ltr'>est</span> <span class='ocrx_word' id='word_1_148' title='bbox 1388 1745 1553 1795; x_wconf 77' lang='grc' dir='ltr'><em>οὶλιεύς,</em></span> <span class='ocrx_word' id='word_1_149' title='bbox 1589 1746 1736 1788; x_wconf 81' lang='grc' dir='ltr'><em>οὶλιεύω</em></span> 
     </span>
     <span class='ocr_line' id='line_1_21' title="bbox 159 1812 1736 1866; baseline 0.003 -11"><span class='ocrx_word' id='word_1_150' title='bbox 159 1817 200 1855; x_wconf 91' lang='lat' dir='ltr'>et</span> <span class='ocrx_word' id='word_1_151' title='bbox 227 1813 395 1859; x_wconf 78' lang='grc' dir='ltr'><em>οὶλΙεία,</em></span> <span class='ocrx_word' id='word_1_152' title='bbox 431 1813 502 1853; x_wconf 82' lang='lat' dir='ltr'>sed</span> <span class='ocrx_word' id='word_1_153' title='bbox 534 1812 791 1866; x_wconf 90' lang='lat' dir='ltr'>ubicumque</span> <span class='ocrx_word' id='word_1_154' title='bbox 825 1819 840 1853; x_wconf 97' lang='grc' dir='ltr'><strong>Ι</strong></span> <span class='ocrx_word' id='word_1_155' title='bbox 874 1816 915 1854; x_wconf 90' lang='lat' dir='ltr'>et</span> <span class='ocrx_word' id='word_1_156' title='bbox 951 1819 1000 1854; x_wconf 77' lang='grc' dir='ltr'>ΕΙ</span> <span class='ocrx_word' id='word_1_157' title='bbox 1035 1818 1285 1856; x_wconf 78' lang='lat' dir='ltr'>concurrrnt</span> <span class='ocrx_word' id='word_1_158' title='bbox 1314 1814 1617 1858; x_wconf 79' lang='lat' dir='ltr'>Graeculorum</span> <span class='ocrx_word' id='word_1_159' title='bbox 1646 1834 1736 1859; x_wconf 83' lang='grc' dir='ltr'><em>συν-</em></span> 
     </span>
     <span class='ocr_line' id='line_1_22' title="bbox 159 1881 1736 1938; baseline 0.003 -14"><span class='ocrx_word' id='word_1_160' title='bbox 159 1884 268 1932; x_wconf 74' lang='grc' dir='ltr'><em>ήθεια</em></span> <span class='ocrx_word' id='word_1_161' title='bbox 312 1884 494 1925; x_wconf 83' lang='lat' dir='ltr'>eximere</span> <span class='ocrx_word' id='word_1_162' title='bbox 537 1882 642 1924; x_wconf 88' lang='lat' dir='ltr'>solet</span> <span class='ocrx_word' id='word_1_163' title='bbox 686 1889 715 1924; x_wconf 91' lang='grc' dir='ltr'>Ι.</span> <span class='ocrx_word' id='word_1_164' title='bbox 781 1881 851 1924; x_wconf 78' lang='lat' dir='ltr'>Sic</span> <span class='ocrx_word' id='word_1_165' title='bbox 894 1883 1087 1926; x_wconf 81' lang='lat' dir='ltr'>dicebant</span> <span class='ocrx_word' id='word_1_166' title='bbox 1131 1885 1246 1935; x_wconf 72' lang='grc' dir='ltr'><em>ὑγιής</em></span> <span class='ocrx_word' id='word_1_167' title='bbox 1292 1886 1363 1928; x_wconf 88' lang='lat' dir='ltr'>sed</span> <span class='ocrx_word' id='word_1_168' title='bbox 1395 1887 1541 1937; x_wconf 72' lang='grc' dir='ltr'><em>ὑγεία,</em></span> <span class='ocrx_word' id='word_1_169' title='bbox 1576 1889 1736 1938; x_wconf 80' lang='grc' dir='ltr'><em>ταμίας</em></span> 
     </span>
     <span class='ocr_line' id='line_1_23' title="bbox 159 1953 1736 2005; baseline 0.003 -10"><span class='ocrx_word' id='word_1_170' title='bbox 159 1954 230 1996; x_wconf 89' lang='lat' dir='ltr'>sed</span> <span class='ocrx_word' id='word_1_171' title='bbox 271 1958 459 2003; x_wconf 83' lang='grc' dir='ltr'><em>ταμεῖον,</em></span> <span class='ocrx_word' id='word_1_172' title='bbox 509 1953 607 1999; x_wconf 83' lang='grc' dir='ltr'><em>Ζεὺς</em></span> <span class='ocrx_word' id='word_1_173' title='bbox 652 1953 882 2001; x_wconf 78' lang='grc' dir='ltr'><em>Ὀλύμπιος</em></span> <span class='ocrx_word' id='word_1_174' title='bbox 927 1954 998 1995; x_wconf 86' lang='lat' dir='ltr'>sed</span> <span class='ocrx_word' id='word_1_175' title='bbox 1043 1956 1319 2005; x_wconf 82' lang='grc' dir='ltr'><em>Ὀλυμπεῖον,</em></span> <span class='ocrx_word' id='word_1_176' title='bbox 1364 1961 1405 1998; x_wconf 89' lang='lat' dir='ltr'>et</span> <span class='ocrx_word' id='word_1_177' title='bbox 1447 1959 1505 1999; x_wconf 89' lang='lat' dir='ltr'>sic</span> <span class='ocrx_word' id='word_1_178' title='bbox 1553 1958 1597 1999; x_wconf 90' lang='lat' dir='ltr'>in</span> <span class='ocrx_word' id='word_1_179' title='bbox 1641 1958 1736 2001; x_wconf 83' lang='lat' dir='ltr'>aliis</span> 
     </span>
     <span class='ocr_line' id='line_1_24' title="bbox 158 2023 701 2066; baseline -0.004 0"><span class='ocrx_word' id='word_1_180' title='bbox 158 2023 451 2066; x_wconf 87' lang='lat' dir='ltr'>huiuscemodi</span> <span class='ocrx_word' id='word_1_181' title='bbox 483 2024 701 2065; x_wconf 75' lang='lat' dir='ltr'>sexcentis.</span> 
     </span>
    </p>

    <p class='ocr_par' dir='ltr' id='par_1_6' title="bbox 159 2093 1738 2488">
     <span class='ocr_line' id='line_1_25' title="bbox 220 2093 1735 2156; baseline 0.003 -20"><span class='ocrx_word' id='word_1_182' title='bbox 220 2094 390 2136; x_wconf 80' lang='lat' dir='ltr'>Scatent</span> <span class='ocrx_word' id='word_1_183' title='bbox 429 2095 564 2150; x_wconf 87' lang='lat' dir='ltr'>igitur</span> <span class='ocrx_word' id='word_1_184' title='bbox 603 2107 746 2135; x_wconf 84' lang='lat' dir='ltr'>omnes</span> <span class='ocrx_word' id='word_1_185' title='bbox 776 2093 875 2136; x_wconf 87' lang='lat' dir='ltr'>libri</span> <span class='ocrx_word' id='word_1_186' title='bbox 906 2097 1038 2137; x_wconf 89' lang='lat' dir='ltr'>nostri</span> <span class='ocrx_word' id='word_1_187' title='bbox 1070 2097 1234 2138; x_wconf 87' lang='lat' dir='ltr'>mendis</span> <span class='ocrx_word' id='word_1_188' title='bbox 1268 2101 1310 2140; x_wconf 88' lang='lat' dir='ltr'>et</span> <span class='ocrx_word' id='word_1_189' title='bbox 1341 2099 1548 2140; x_wconf 87' lang='lat' dir='ltr'>erroribus</span> <span class='ocrx_word' id='word_1_190' title='bbox 1580 2098 1631 2141; x_wconf 90' lang='lat' dir='ltr'>de</span> <span class='ocrx_word' id='word_1_191' title='bbox 1663 2114 1735 2156; x_wconf 88' lang='lat' dir='ltr'>ge-</span> 
     </span>
     <span class='ocr_line' id='line_1_26' title="bbox 159 2164 1737 2226; baseline 0.003 -19"><span class='ocrx_word' id='word_1_192' title='bbox 159 2179 255 2207; x_wconf 87' lang='lat' dir='ltr'>nere</span> <span class='ocrx_word' id='word_1_193' title='bbox 286 2164 364 2205; x_wconf 90' lang='lat' dir='ltr'>hoc</span> <span class='ocrx_word' id='word_1_194' title='bbox 397 2165 523 2205; x_wconf 89' lang='lat' dir='ltr'>etiam</span> <span class='ocrx_word' id='word_1_195' title='bbox 556 2164 665 2219; x_wconf 88' lang='lat' dir='ltr'>apud</span> <span class='ocrx_word' id='word_1_196' title='bbox 697 2168 838 2219; x_wconf 87' lang='lat' dir='ltr'>poetas</span> <span class='ocrx_word' id='word_1_197' title='bbox 869 2165 1063 2222; x_wconf 82' lang='lat' dir='ltr'>iugulato</span> <span class='ocrx_word' id='word_1_198' title='bbox 1095 2170 1246 2209; x_wconf 87' lang='lat' dir='ltr'>metro.</span> <span class='ocrx_word' id='word_1_199' title='bbox 1307 2168 1358 2210; x_wconf 92' lang='lat' dir='ltr'>In</span> <span class='ocrx_word' id='word_1_200' title='bbox 1390 2170 1546 2211; x_wconf 86' lang='lat' dir='ltr'>vicinia</span> <span class='ocrx_word' id='word_1_201' title='bbox 1577 2169 1737 2226; x_wconf 87' lang='lat' dir='ltr'>legitur</span> 
     </span>
     <span class='ocr_line' id='line_1_27' title="bbox 161 2232 1736 2290; baseline 0.004 -13"><span class='ocrx_word' id='word_1_202' title='bbox 161 2235 272 2290; x_wconf 88' lang='lat' dir='ltr'>apud</span> <span class='ocrx_word' id='word_1_203' title='bbox 304 2234 478 2276; x_wconf 81' lang='lat' dir='ltr'>Suidam</span> <span class='ocrx_word' id='word_1_204' title='bbox 509 2232 716 2276; x_wconf 62' lang='grc' dir='ltr'><em>””Αλειον</em></span> <span class='ocrx_word' id='word_1_205' title='bbox 756 2236 800 2276; x_wconf 87' lang='grc' dir='ltr'>τὸ</span> <span class='ocrx_word' id='word_1_206' title='bbox 834 2238 902 2277; x_wconf 79' lang='grc' dir='ltr'>τοῦ</span> <span class='ocrx_word' id='word_1_207' title='bbox 937 2237 1073 2278; x_wconf 85' lang='grc' dir='ltr'><em>Ἡλίου</em></span> <span class='ocrx_word' id='word_1_208' title='bbox 1107 2237 1205 2288; x_wconf 79' lang='grc' dir='ltr'><em>ἱερὸν</em></span> <span class='ocrx_word' id='word_1_209' title='bbox 1237 2240 1348 2280; x_wconf 68' lang='grc' dir='ltr'><em>κατὰ</em></span> <span class='ocrx_word' id='word_1_210' title='bbox 1382 2239 1563 2285; x_wconf 85' lang='grc' dir='ltr'><em>Ῥοδίους.</em></span> <span class='ocrx_word' id='word_1_211' title='bbox 1625 2239 1736 2283; x_wconf 78' lang='lat' dir='ltr'>Solis</span> 
     </span>
     <span class='ocr_line' id='line_1_28' title="bbox 161 2304 1735 2360; baseline 0.003 -13"><span class='ocrx_word' id='word_1_212' title='bbox 161 2305 370 2360; x_wconf 82' lang='lat' dir='ltr'>templum</span> <span class='ocrx_word' id='word_1_213' title='bbox 417 2304 706 2360; x_wconf 85' lang='lat' dir='ltr'>appellabatur</span> <span class='ocrx_word' id='word_1_214' title='bbox 750 2306 922 2347; x_wconf 82' lang='grc' dir='ltr'><em>Ἀλίειον</em></span> <span class='ocrx_word' id='word_1_215' title='bbox 970 2310 1011 2348; x_wconf 86' lang='lat' dir='ltr'>et</span> <span class='ocrx_word' id='word_1_216' title='bbox 1056 2306 1166 2349; x_wconf 78' lang='lat' dir='ltr'>Solis</span> <span class='ocrx_word' id='word_1_217' title='bbox 1211 2308 1339 2351; x_wconf 88' lang='lat' dir='ltr'>feriae</span> <span class='ocrx_word' id='word_1_218' title='bbox 1380 2310 1434 2351; x_wconf 72' lang='grc' dir='ltr'>τοὶ</span> <span class='ocrx_word' id='word_1_219' title='bbox 1477 2310 1637 2352; x_wconf 77' lang='grc' dir='ltr'><em>Ἃλίεια</em></span> <span class='ocrx_word' id='word_1_220' title='bbox 1680 2312 1735 2352; x_wconf 71' lang='grc' dir='ltr'>τα</span> 
     </span>
     <span class='ocr_line' id='line_1_29' title="bbox 161 2376 1738 2437; baseline 0.005 -21"><span class='ocrx_word' id='word_1_221' title='bbox 161 2376 361 2426; x_wconf 71' lang='grc' dir='ltr'><em>μεγαλα,</em></span> <span class='ocrx_word' id='word_1_222' title='bbox 392 2376 463 2416; x_wconf 84' lang='lat' dir='ltr'>sed</span> <span class='ocrx_word' id='word_1_223' title='bbox 490 2389 536 2417; x_wconf 86' lang='lat' dir='ltr'>ea</span> <span class='ocrx_word' id='word_1_224' title='bbox 564 2376 613 2416; x_wconf 87' lang='lat' dir='ltr'>de</span> <span class='ocrx_word' id='word_1_225' title='bbox 642 2389 765 2417; x_wconf 89' lang='lat' dir='ltr'>causa</span> <span class='ocrx_word' id='word_1_226' title='bbox 793 2390 920 2431; x_wconf 87' lang='lat' dir='ltr'>quam</span> <span class='ocrx_word' id='word_1_227' title='bbox 949 2377 1038 2418; x_wconf 82' lang='lat' dir='ltr'>dixi</span> <span class='ocrx_word' id='word_1_228' title='bbox 1062 2381 1263 2433; x_wconf 88' lang='lat' dir='ltr'>perpetua</span> <span class='ocrx_word' id='word_1_229' title='bbox 1290 2379 1420 2421; x_wconf 87' lang='lat' dir='ltr'>ferme</span> <span class='ocrx_word' id='word_1_230' title='bbox 1445 2383 1507 2422; x_wconf 88' lang='lat' dir='ltr'>est</span> <span class='ocrx_word' id='word_1_231' title='bbox 1533 2383 1738 2437; x_wconf 84' lang='lat' dir='ltr'>scriptura</span> 
     </span>
     <span class='ocr_line' id='line_1_30' title="bbox 160 2444 823 2488; baseline -0.002 0"><span class='ocrx_word' id='word_1_232' title='bbox 160 2447 365 2488; x_wconf 89' lang='lat' dir='ltr'>librorum</span> <span class='ocrx_word' id='word_1_233' title='bbox 393 2447 555 2487; x_wconf 67' lang='grc' dir='ltr'><em>’Ἀλειον</em></span> <span class='ocrx_word' id='word_1_234' title='bbox 589 2449 629 2487; x_wconf 91' lang='lat' dir='ltr'>et</span> <span class='ocrx_word' id='word_1_235' title='bbox 660 2444 823 2487; x_wconf 65' lang='grc' dir='ltr'><em>“Ἀλεια.</em></span> 
     </span>
    </p>

    <p class='ocr_par' dir='ltr' id='par_1_7' title="bbox 163 2516 1738 2781">
     <span class='ocr_line' id='line_1_31' title="bbox 221 2516 1734 2573; baseline 0.005 -15"><span class='ocrx_word' id='word_1_236' title='bbox 221 2516 378 2558; x_wconf 79' lang='lat' dir='ltr'>Eadem</span> <span class='ocrx_word' id='word_1_237' title='bbox 413 2516 462 2557; x_wconf 90' lang='lat' dir='ltr'>de</span> <span class='ocrx_word' id='word_1_238' title='bbox 494 2529 617 2557; x_wconf 85' lang='lat' dir='ltr'>causa</span> <span class='ocrx_word' id='word_1_239' title='bbox 648 2517 692 2556; x_wconf 90' lang='lat' dir='ltr'>in</span> <span class='ocrx_word' id='word_1_240' title='bbox 724 2516 842 2558; x_wconf 82' lang='lat' dir='ltr'>libris</span> <span class='ocrx_word' id='word_1_241' title='bbox 874 2517 1070 2558; x_wconf 83' lang='lat' dir='ltr'>scribitur</span> <span class='ocrx_word' id='word_1_242' title='bbox 1101 2517 1257 2560; x_wconf 80' lang='grc' dir='ltr'><em>διοικεῖν</em></span> <span class='ocrx_word' id='word_1_243' title='bbox 1288 2532 1362 2573; x_wconf 88' lang='lat' dir='ltr'>pro</span> <span class='ocrx_word' id='word_1_244' title='bbox 1390 2520 1584 2571; x_wconf 75' lang='grc' dir='ltr'><em>διοικιεῖν,</em></span> <span class='ocrx_word' id='word_1_245' title='bbox 1614 2533 1734 2566; x_wconf 85' lang='grc' dir='ltr'><em>πλου-</em></span> 
     </span>
     <span class='ocr_line' id='line_1_32' title="bbox 163 2586 1738 2647; baseline 0.005 -19"><span class='ocrx_word' id='word_1_246' title='bbox 163 2591 245 2628; x_wconf 85' lang='grc' dir='ltr'><em>τεῖν</em></span> <span class='ocrx_word' id='word_1_247' title='bbox 288 2600 362 2641; x_wconf 91' lang='lat' dir='ltr'>pro</span> <span class='ocrx_word' id='word_1_248' title='bbox 404 2591 631 2633; x_wconf 85' lang='grc' dir='ltr'><em>πλουτιεῖν,</em></span> <span class='ocrx_word' id='word_1_249' title='bbox 677 2586 848 2628; x_wconf 78' lang='grc' dir='ltr'><em>δειπνεῖν</em></span> <span class='ocrx_word' id='word_1_250' title='bbox 890 2601 964 2641; x_wconf 88' lang='lat' dir='ltr'>pro</span> <span class='ocrx_word' id='word_1_251' title='bbox 1007 2588 1195 2630; x_wconf 78' lang='grc' dir='ltr'><em>δειπνιεῖν</em></span> <span class='ocrx_word' id='word_1_252' title='bbox 1227 2592 1391 2643; x_wconf 87' lang='lat' dir='ltr'>praeter</span> <span class='ocrx_word' id='word_1_253' title='bbox 1423 2593 1625 2647; x_wconf 82' lang='lat' dir='ltr'>cuiusque</span> <span class='ocrx_word' id='word_1_254' title='bbox 1656 2593 1738 2636; x_wconf 87' lang='lat' dir='ltr'>loci</span> 
     </span>
     <span class='ocr_line' id='line_1_33' title="bbox 163 2656 1736 2722; baseline 0.006 -24"><span class='ocrx_word' id='word_1_255' title='bbox 163 2659 424 2699; x_wconf 84' lang='lat' dir='ltr'>sententiam.</span> <span class='ocrx_word' id='word_1_256' title='bbox 469 2656 519 2698; x_wconf 75' lang='lat' dir='ltr'>cf.</span> <span class='ocrx_word' id='word_1_257' title='bbox 563 2656 781 2698; x_wconf 87' lang='lat' dir='ltr'>Demosth.</span> <span class='ocrx_word' id='word_1_258' title='bbox 819 2671 915 2714; x_wconf 76' lang='lat' dir='ltr'>pag.</span> <span class='ocrx_word' id='word_1_259' title='bbox 953 2657 1022 2699; x_wconf 83' lang='lat'>59.</span> <span class='ocrx_word' id='word_1_260' title='bbox 1061 2658 1137 2709; x_wconf 82' lang='lat'>15,</span> <span class='ocrx_word' id='word_1_261' title='bbox 1172 2659 1370 2714; x_wconf 83' lang='lat' dir='ltr'>Diphilus</span> <span class='ocrx_word' id='word_1_262' title='bbox 1402 2661 1608 2706; x_wconf 88' lang='lat' dir='ltr'>Athenaei</span> <span class='ocrx_word' id='word_1_263' title='bbox 1639 2679 1736 2722; x_wconf 88' lang='lat' dir='ltr'>pag.</span> 
     </span>
     <span class='ocr_line' id='line_1_34' title="bbox 164 2727 299 2781; baseline 0.007 -13"><span class='ocrx_word' id='word_1_264' title='bbox 164 2727 299 2781; x_wconf 79' lang='lat' dir='ltr'>238s.</span> 
     </span>
    </p>

    <p class='ocr_par' dir='ltr' id='par_1_8' title="bbox 167 2796 1549 2982">
     <span class='ocr_line' id='line_1_35' title="bbox 491 2796 1375 2848; baseline 0.006 -11"><span class='ocrx_word' id='word_1_265' title='bbox 491 2796 512 2845; x_wconf 72' lang='grc' dir='ltr'>ἢ</span> <span class='ocrx_word' id='word_1_266' title='bbox 546 2796 783 2839; x_wconf 86' lang='grc' dir='ltr'><em>δειπνεῖν</em></span> <span class='ocrx_word' id='word_1_267' title='bbox 816 2797 1026 2848; x_wconf 85' lang='grc' dir='ltr'><em>μέλλοντα</em></span> <span class='ocrx_word' id='word_1_268' title='bbox 1057 2799 1238 2842; x_wconf 84' lang='grc' dir='ltr'><em>κωλύσαι</em></span> <span class='ocrx_word' id='word_1_269' title='bbox 1272 2801 1375 2842; x_wconf 79' lang='grc' dir='ltr'><em>τινοὶ.</em></span> 
     </span>
     <span class='ocr_line' id='line_1_36' title="bbox 167 2867 1044 2911; baseline 0.003 -3"><span class='ocrx_word' id='word_1_270' title='bbox 167 2868 234 2908; x_wconf 90' lang='lat' dir='ltr'>cui</span> <span class='ocrx_word' id='word_1_271' title='bbox 264 2868 434 2909; x_wconf 83' lang='lat' dir='ltr'>Porson.</span> <span class='ocrx_word' id='word_1_272' title='bbox 471 2881 597 2909; x_wconf 85' lang='lat' dir='ltr'>suum</span> <span class='ocrx_word' id='word_1_273' title='bbox 630 2867 814 2910; x_wconf 84' lang='grc' dir='ltr'><em>δειπνιεῖν</em></span> <span class='ocrx_word' id='word_1_274' title='bbox 847 2868 1044 2911; x_wconf 85' lang='lat' dir='ltr'>reddidit.</span> 
     </span>
     <span class='ocr_line' id='line_1_37' title="bbox 295 2943 1549 2982; baseline -0.006 -1"><span class='ocrx_word' id='word_1_275' title='bbox 295 2950 340 2982; x_wconf 91' lang='lat'>11.</span> <span class='ocrx_word' id='word_1_276' title='bbox 1510 2943 1549 2974; x_wconf 84' lang='grc'>11</span> 
     </span>
    </p>
   </div>
  </div>
 </body>
</html>
