1946 3298
998 210 1085 262 134

308 351 414 408 Pag.
461 348 561 393 397.
605 348 646 390 8.
679 347 810 390 καίτοι
843 347 911 388 mc}
945 348 977 388 εἶ
1012 352 1094 391 τοῖς
1128 344 1272 391 ἄλλοις
1307 345 1434 393 αὐτὴν
1465 343 1621 395 βελτίω
1656 361 1822 394 πεποιη-

254 423 328 469 κὼς
372 423 459 463 ἘΝ
502 419 629 473 τούτῳ
671 419 776 471 μόνῳ
820 416 1071 467 λελύμαντο.
1135 415 1297 458 Vitiose
1335 415 1520 457 abundat
1553 416 1604 457 ἐν.
1669 416 1830 473 Legen-

253 494 377 536 dum:
412 494 521 534 ‘eNl
557 491 645 547 (ἑνὶ)
678 489 804 542 τούτῳ
835 488 953 540 μόνῳ.

314 632 574 688 Pervulgato
608 628 916 673 Graeculorum
949 641 1084 669 errore
1116 627 1315 669 scribitur
1346 640 1443 682 pag.
1479 624 1578 667 399.
1614 625 1682 667 13.
1718 627 1831 678 ἀφῶ-

255 719 331 754 μεν
378 704 411 744 εἰ
460 703 569 744 δοκεῖ
614 701 682 741 τὸν
731 698 950 746 Ἀθηναίων
999 698 1122 748 δῆμον
1167 698 1234 738 ux}
1280 697 1351 744 τὴν
1396 702 1614 747 ΠΝΤΚΑ,
1653 711 1727 752 pro
1759 698 1830 745 τὴν

252 773 407 815 Πύκνοι.
457 769 750 814 Memorabilis
777 772 840 811 est
867 770 954 821 περὶ
984 775 1056 817 τῆς
1083 767 1237 815 Πυκνός
1265 767 1382 810 locus
1409 768 1521 823 apud
1537 767 1829 824 Hesychium:

254 842 418 892 Πνύξῑ
462 843 583 888 τόπος
627 841 859 888 Ἀθήνησιν,
906 840 944 880 ἐν
977 836 1003 891 ᾧ
1039 841 1080 881 οιὶ
1116 840 1328 887 ἐκκλησίαι
1363 838 1506 889 ἤγοντο
1541 845 1722 881 ΠΑΛΑΙ
1757 840 1830 890 μὲν

255 917 412 962 πᾶσοιι,
459 917 599 954 NTNI
643 911 683 953 δὲ
722 909 842 959 ἅπαξ
874 907 972 951 ὅταν
1006 910 1213 961 ςροοτηγὸν
1245 914 1534 962 χειροτονῶσιν.
1601 909 1833 964 Descripsit

253 986 356 1027 haec
395 986 534 1027 nescio
577 984 671 1038 quis
714 982 766 1024 ad
808 981 1000 1024 Platonis
1043 981 1211 1023 critiam
1241 994 1338 1037 pag.
1376 979 1473 1022 112.
1491 993 1532 1022 A.
1565 979 1678 1027 Πνὺέ
1709 979 1832 1028 τόπος

255 1057 464 1105 Ἀθήνησιν
508 1055 546 1096 ἐν
589 1051 615 1107 ᾧ
652 1053 730 1110 (αἱ)
766 1053 979 1100 ἐκκλησίαι
1017 1052 1360 1094 ἘΓΙΓΝΟΝΤΟ
1397 1051 1532 1093 πάλαι
1567 1053 1640 1102 μὲν
1675 1054 1832 1106 πᾶσαι,

252 1125 534 1168 “TcTePON
579 1125 618 1167 δὲ
662 1122 782 1173 ἅπαξ
814 1121 911 1166 ὅταν
944 1130 1066 1166 TON
1100 1123 1306 1176 ςροιτηγὸν
1338 1128 1627 1176 χειροτονῶσιν.
1690 1122 1833 1165 Huius

253 1198 533 1239 annotationis
576 1199 721 1238 auctor
762 1197 873 1238 vixit
905 1209 986 1250 quo
1018 1199 1207 1250 tempore
1238 1195 1415 1237 Athenis
1448 1196 1621 1237 comitia
1653 1195 1834 1250 praetori

253 1269 429 1311 creando
469 1267 601 1310 semel
642 1267 864 1322 quotannis
906 1266 1185 1320 haberentur,
1230 1266 1301 1308 sed
1343 1266 1414 1321 qui
1458 1266 1559 1308 haec
1602 1266 1653 1308 ad
1689 1265 1832 1308 Plato-

251 1354 350 1382 nem
393 1340 614 1395 adscripsit
655 1338 807 1380 multis
849 1337 1027 1380 saeculis
1069 1341 1162 1392 post
1204 1337 1248 1378 id
1291 1337 1391 1379 fecit
1423 1351 1555 1392 quum
1587 1339 1694 1379 esset
1727 1336 1832 1378 olim

254 1411 304 1454 de
336 1411 513 1453 Athenis
545 1413 701 1452 actum.
764 1409 911 1464 Itaque
943 1422 1017 1464 pro
1051 1409 1129 1450 νυνὶ
1166 1408 1206 1450 δέ
1240 1409 1464 1450 substituit
1495 1406 1627 1461 ὕςερον
1662 1407 1726 1456 δέ,
1761 1409 1833 1450 sed

254 1482 520 1539 negligenter
550 1481 728 1523 retinuit
759 1477 887 1522 ‹3‘vAN
919 1481 986 1521 τὸν
1020 1479 1226 1532 ςροιτηγὸν
1256 1485 1584 1532 χειροτονΩΟΙΝ
1618 1493 1751 1535 quum
1784 1479 1833 1521 de

253 1568 298 1596 re
339 1553 443 1596 olim
473 1553 701 1608 praeterita
732 1549 798 1593 ὅτε
833 1551 1143 1604 -ἐχειροτόνουν
1176 1551 1338 1593 dictum
1372 1552 1638 1607 oportuisset.
1702 1549 1833 1592 Recte

254 1627 397 1666 autem
441 1624 624 1666 servavit
664 1622 893 1664 articulum
935 1628 971 1663 T
980 1628 1058 1664 ΟΝ
1100 1621 1329 1674 ςροιτηγόν,
1369 1622 1496 1677 idque
1527 1622 1662 1665 veteri
1693 1635 1833 1678 gram·

252 1695 409 1737 matico
452 1697 561 1749 apud
602 1693 870 1750 Hesychium
914 1695 1144 1735 necessario
1181 1693 1466 1743 reddendum,
1501 1693 1701 1748 quoniam
1732 1708 1834 1734 unus

252 1770 421 1808 tantum
467 1764 670 1816 ςρικτηγὸς
714 1769 809 1806 tum
840 1764 1019 1806 Athenis
1053 1765 1292 1814 creabatur,
1328 1765 1401 1818 qui
1434 1765 1586 1814 σεμνῶς
1622 1763 1730 1805 πάνυ
1764 1778 1833 1819 ap-

254 1836 491 1892 pellabatur
539 1835 741 1887 ςροιτηγὸς
792 1835 857 1876 ἐπὶ
908 1839 985 1876 τῶν
1033 1833 1193 1886 ἔνι-λων,
1237 1835 1309 1876 sed
1352 1834 1462 1876 nihil
1503 1835 1618 1877 aliud
1661 1835 1833 1876 curabat

256 1921 384 1962 quam
408 1920 614 1949 annonam
639 1911 680 1948 et
702 1920 793 1948 rem
815 1905 1150 1948 frumentariam.
1193 1905 1479 1948 Philostratus
1502 1907 1549 1947 de
1572 1906 1641 1947 vit.
1667 1906 1833 1961 Sophist.

256 1992 351 2035 pag.
403 1978 502 2020 225.
569 1977 794 2024 Λολλιοινὸς
838 1977 855 2017 ὁ
897 1976 1088 2029 Ἐφέσιος
1133 1976 1283 2029 προῦςη
1328 1980 1397 2018 τοῦ
1442 1976 1661 2024 Ἀθηναίων
1707 1977 1833 2026 δήμου

258 2050 527 2102 ςροιτηγήσοις
572 2049 710 2095 αὐτοῖς
753 2050 824 2097 τὴν
859 2048 922 2089 ἐπὶ
955 2053 1030 2090 τῶν
1063 2045 1207 2090 ὅπλων.
1245 2049 1265 2096 ἦ
1300 2047 1338 2089 δὲ
1374 2048 1483 2099 ἀρχὴ
1516 2046 1620 2096 αὕτη
1655 2054 1833 2090 ΠΑΛΑΙ

258 2121 332 2170 μὲν
374 2120 580 2171 κατέλεγέ
626 2136 670 2162 τε
717 2120 784 2161 κοιὶ
829 2119 974 2170 ἐξῆγεν
1021 2120 1059 2166 ἐς
1103 2120 1158 2160 τοὶ
1191 2117 1398 2168 πολέμιοι,
1432 2124 1572 2160 ΝΤΝΙ
1605 2119 1644 2160 δὲ
1678 2123 1834 2172 τροφῶν

259 2191 519 2241 ἐπιμελεῖται
563 2192 630 2232 nx}
676 2190 787 2232 σίτου
830 2192 999 2241 ἀγορᾶς.
1065 2188 1256 2247 Cognovi
1297 2204 1347 2231 ex
1385 2189 1540 2231 Iuliani
1573 2191 1759 2232 oratione
1791 2190 1834 2231 in

258 2262 410 2302 laudem
457 2261 682 2302 Constantii
722 2275 822 2317 pag.
869 2260 910 2302 8.
934 2272 969 2302 c.
1033 2258 1359 2302 Constantinum
1395 2274 1601 2317 magnum
1633 2261 1834 2303 honorem

260 2332 373 2374 hunc
414 2332 592 2373 Athenis
634 2334 812 2388 gessisse
856 2345 985 2387 eaque
1028 2345 1072 2373 re
1117 2331 1238 2374 valde
1281 2331 1536 2373 delectatum
1574 2346 1674 2374 esse.
1709 2333 1834 2374 καλὸν

262 2403 355 2449 ἰ’σως
401 2404 573 2457 (inquit)
614 2403 791 2444 ἐνταῦθα
833 2403 901 2444 καὶ
945 2407 1022 2444 τῶν
1064 2402 1253 2452 οέοιδίμων
1294 2403 1466 2450 Ἀθηνῶν
1508 2405 1752 2453 μνησθῆναι,
1786 2402 1836 2450 ἃς

266 2474 409 2518 ἐκεῖνος
454 2471 786 2529 (Constantinus)
833 2472 961 2525 ἔργοις
995 2474 1064 2515 καὶ
1099 2472 1233 2524 λόγοις
1267 2477 1393 2523 τιμῶν
1425 2474 1490 2515 τὸν
1523 2473 1663 2515 πάντα
1695 2474 1835 2527 χρόνον

265 2543 448 2586 διετέλει.
520 2544 719 2590 Βασιλεὺς
770 2544 851 2595 γὰρ
899 2544 948 2584 ὢν
996 2544 1064 2585 xx}
1114 2545 1240 2596 κύριος
1290 2544 1453 2585 πάντων
1503 2551 1836 2587 CTPATHI'OC

265 2615 418 2656 ἐκείνων
461 2612 567 2662 ἠξίου
614 2616 828 2656 καλεῖσθαι
867 2614 936 2656 κοεὶ
971 2615 1160 2662 τοιοιύτης
1192 2614 1336 2662 εἰκόνος
1371 2614 1592 2667 τυγχάνων
1624 2615 1718 2666 μετ’
1753 2616 1838 2658 ε’πι-

267 2684 516 2738 γροὶμμοοτος
561 2683 733 2734 ἐγοένυτο
779 2684 899 2726 πλέον
933 2686 954 2733 ἢ
988 2689 1064 2726 τῶν
1095 2686 1278 2736 μεγίςων
1309 2687 1434 2736 τιμῶν
1468 2685 1660 2735 ἀξιωθείς.
1723 2687 1837 2744 Ergo

267 2758 306 2799 ei
347 2759 487 2797 statua
519 2758 726 2804 ςροετηγοῦ
759 2755 909 2796 habitu
939 2757 1075 2810 posita
1107 2760 1169 2797 est
1201 2769 1298 2797 cum
1330 2757 1602 2811 inscriptione
1636 2763 1836 2800 ΚΑΛΩΟ

269 2830 742 2868 CTPATHPHCANTI
785 2825 911 2880 idque
952 2829 1130 2867 summis
1169 2827 1396 2869 honoribus
1431 2829 1679 2882 anteposuit.
1743 2829 1838 2871 Non

266 2901 329 2940 est
371 2896 528 2939 oblitus
570 2897 866 2937 Constantinus
902 2910 988 2938 esse
1021 2897 1119 2938 boni
1150 2901 1355 2949 ςροιτηγοῦ
1392 2897 1457 2939 ἐπὶ
1491 2902 1568 2939 τῶν
1599 2896 1732 2940 ὅπλων
1767 2913 1836 2941 an-

263 2981 417 3015 nonam
461 2965 687 3022 diligenter
730 2980 884 3009 curare.
949 2966 1118 3021 Itaque,
1162 2971 1211 3009 ut
1252 2968 1444 3010 Iulianus
1490 2970 1630 3025 pergit
1676 2970 1834 3012 dicere:
