1946 3298
852 165 933 207 129

104 286 200 339 πρὸς
244 290 383 328 ταῦτα
425 288 710 339 μαχομένους
752 288 935 341 ἰχνεύων.
1000 291 1272 347 Numquam,
1313 293 1460 344 eredo,
1502 295 1677 351 reperis-

102 361 187 408 set,
224 358 296 399 sed
327 357 418 403 τοὺς
453 358 788 410 μαχΟΤμένους.
835 360 1110 417 Perfrequens
1141 364 1187 404 in
1217 362 1339 405 libris
1365 364 1432 405 his
1459 379 1571 407 error
1597 369 1674 408 est.

101 426 200 469 Sine
243 428 395 470 mendo
437 443 533 485 pag.
578 429 678 471 249.
722 429 764 472 8.
810 431 920 482 θηρία
963 431 995 473 δ’
1037 434 1106 475 οὑκ
1147 432 1361 484 ἐβούλοντο
1394 434 1555 488 τρέφειν
1586 435 1672 476 οὐδὲ

98 497 190 545 τοὺς
224 502 361 540 ταῦτα
396 500 694 551 ὑπομενοῦντας
729 501 966 554 ἀνθρώπους.

157 629 264 686 Pag.
311 629 411 672 220.
459 628 527 671 16.
571 631 718 673 ἐνθένδε
764 638 910 674 HPOC
947 631 1086 684 ἑτέραν
1119 634 1387 686 ἀνιςαμένους
1419 635 1548 678 πόλιν.
1582 650 1673 692 pes-

96 703 202 743 sime
232 715 306 756 pro
342 707 425 743 ele
460 700 608 754 ἑτέραν.
673 701 1039 758 Praepositionum
1071 705 1204 765 siglae
1235 706 1483 751 huiusmodi
1519 707 1672 749 menda

95 773 279 827 pariunt.

155 903 263 962 Pag.
297 902 399 946 228.
434 903 473 945 3.
508 902 813 956 παροξύνειν-
836 907 1076 958 περιςήσειν.
1140 908 1243 965 Leg.
1277 910 1523 962 παροξυνεῖν.

154 1037 227 1080 Bis
268 1036 619 1079 molestissimum
661 1053 700 1078 τι
731 1051 781 1080 ex
814 1053 873 1094 sq.
908 1046 944 1082 Π
977 1043 1128 1082 natum
1160 1041 1330 1097 irrepsit
1360 1055 1458 1099 pag.
1492 1042 1592 1085 229.
1630 1043 1670 1085 1.

94 1108 185 1151 οὔτε
229 1106 301 1157 ἔξω
347 1106 497 1149 τούτων
537 1108 644 1149 οὐδὲν
685 1108 872 1161 ἐπράχθη
909 1109 986 1167 [τι]
1022 1112 1126 1163 Παρ’
1160 1112 1283 1162 ἐμοῦ,
1318 1116 1360 1155 et
1390 1117 1484 1168 post
1513 1126 1668 1169 pauca:

92 1179 238 1230 ὄμνυμι
272 1178 435 1224 πάντας
464 1179 570 1226 θεοὺς
599 1180 697 1231 μήτ’
725 1180 936 1228 ἀκηκοέναι
968 1181 1044 1239 [τι]
1078 1183 1197 1235 Παρα
1228 1183 1464 1234 Μενεδήμου
1483 1186 1664 1236 -μήτε

93 1251 417 1303 συμβεβλῆσθαι
450 1249 589 1302 μηδὲν.

153 1384 263 1442 Pag.
308 1382 408 1424 232.
455 1382 496 1426 9.
530 1384 567 1424 ἐν
600 1383 744 1438 ξένοις,
779 1385 817 1426 ἐν
851 1384 1063 1440 πολίταις,
1099 1386 1135 1427 ἐν
1169 1392 1250 1434 τοῖς
1284 1387 1398 1438 ε’μΟΙ
1431 1387 1667 1441 φιλτάτοις.

93 1453 162 1496 Sic
195 1454 371 1504 Reiske;
406 1453 505 1496 libri
538 1455 670 1504 ἐμοῖς,
704 1456 814 1511 quod
846 1458 968 1498 unice
999 1471 1149 1500 verum
1182 1462 1256 1502 est.
1289 1459 1438 1509 τάμα
1469 1460 1666 1512 Φίλτατα

92 1523 244 1568 Graeci
272 1525 489 1581 dicebant,
524 1539 606 1567 non
638 1526 693 1568 τα
729 1527 831 1576 ἐμοί.

150 1658 253 1715 Pag.
289 1654 390 1698 235.
426 1655 494 1698 10.
533 1656 594 1702 τίς
628 1657 698 1698 οὐκ
731 1655 816 1699 οἶδε
849 1657 1176 1705 τας-ἐκείνων
1209 1660 1538 1711 ἐμβολὰς-ὦν
1571 1666 1662 1706 καθ’

90 1728 238 1778 ἓκάςην
276 1725 530 1779 ”Ηρποὲζοντο
578 1727 730 1774 πόλεις.
798 1728 906 1773 Urbs
953 1730 1044 1784 rapi
1084 1744 1167 1773 non
1208 1734 1366 1788 potest,
1411 1733 1483 1775 sed
1523 1734 1663 1792 diripi.

88 1799 220 1843 Serib.
257 1797 425 1847 ἓκάςηΝ
461 1799 758 1854 ΔΙιορπάζοντο.

145 1921 348 1964 Libanius
390 1919 443 1961 II.
487 1919 585 1962 241.
630 1920 702 1964 21.
747 1920 823 1966 ἕςε
857 1922 888 1963 εἷ
921 1921 1048 1974 τούτῳ
1081 1921 1345 1972 σεμνύνεσθαι
1378 1924 1554 1977 δώσομεν
1586 1930 1658 1972 κά·-

86 1995 248 2048 κείνοις,
284 1991 350 2033 καὶ
385 1991 523 2044 πολλῷ
557 2008 608 2042 ’γε
641 1998 779 2034 πλεῖον
814 1992 992 2041 ἐκείνοις,
1024 1991 1100 2046 ὅσῳ
1128 1999 1199 2043 τῆς
1228 1995 1442 2047 θεραπείας
1473 1995 1516 2046 ἧς
1545 1998 1658 2048 οὗτος

84 2064 292 2107 ἀπέλαυεν
335 2063 403 2103 οὐκ
451 2058 492 2109 ἧν
543 2063 717 2109 ἐκείνοις.
782 2063 958 2106 Reiske:
1012 2066 1130 2114 „seia
1179 2066 1418 2109 ἀπολαύειν.
1458 2070 1658 2127 frequens

83 2137 203 2186 enim,
246 2135 315 2176 sed
347 2149 458 2188 saepe
489 2134 605 2175 nimis
636 2136 760 2176 durus
790 2140 846 2177 est
876 2136 1070 2178 Libanius
1101 2138 1145 2178 in
1176 2138 1417 2191 ellipsibus.”
1477 2141 1554 2184 Est
1585 2142 1655 2185 Li-

81 2208 232 2249 banius
274 2207 317 2246 in
360 2206 413 2246 iis
453 2218 769 2260 nonnumquam
813 2206 957 2261 paullo
1002 2208 1168 2258 durior,
1213 2208 1285 2250 sed
1322 2209 1499 2266 vulgata
1530 2212 1655 2258 lectio

81 2292 164 2320 non
212 2280 273 2319 est
322 2275 506 2331 elliptiea
555 2276 625 2318 sed
671 2278 838 2319 vitiosa.
906 2276 1191 2320 Oorrexerim:
1236 2285 1308 2327 τῆς
1353 2280 1568 2332 θεραπείας
1611 2284 1655 2335 ἧς

81 2347 191 2395 οὗτος
225 2348 510 2389 ἀπΟλαύθΙΝ
544 2347 614 2388 οὐκ
647 2343 688 2394 ἦν
721 2348 895 2394 ἐκείνοις.
958 2348 1088 2391 Nullo
1117 2349 1243 2392 modo
1276 2352 1389 2393 enim
1430 2353 1656 2399 ἀπολαύειν

81 2420 224 2463 omitti
264 2419 426 2474 potuit,
470 2419 509 2458 in
555 2415 596 2466 ἧς
636 2416 747 2465 οὗτος
784 2419 834 2460 de
866 2433 981 2461 more
1014 2419 1175 2476 ellipsis
1208 2424 1280 2463 est.
1346 2421 1464 2465 Idem
1496 2426 1653 2471 vitium

79 2489 267 2533 maculat
308 2488 450 2531 locum
491 2488 787 2531 Demosthenis
828 2504 926 2546 pag.
972 2489 1042 2531 43.
1084 2491 1152 2533 15.
1185 2490 1222 2532 εἴ
1250 2507 1288 2533 τι
1322 2492 1438 2536 πάθοι
1472 2496 1652 2556 (Philip-

78 2563 173 2619 pus)
216 2560 283 2603 καὶ
326 2559 380 2602 τοὶ
414 2565 485 2608 τῆς
518 2559 653 2612 τύχης
687 2561 781 2611 ἡμῖν
816 2559 1018 2613 ὑπάρξαι,
1053 2561 1151 2615 ἤπερ
1184 2562 1248 2604 ἀεὶ
1280 2562 1444 2614 βέλτιον
1476 2567 1497 2616 ἢ
1532 2570 1649 2619 ἡμεῖς

80 2635 187 2685 ἡμῶν
230 2633 359 2674 αὐτῶν
404 2630 708 2681 ἐπιμελούμεθα
758 2630 842 2688 [καὶ
887 2632 1000 2674 τοῦτ’
1034 2632 1320 2691 ἐξεργάσοιιτο]
1357 2633 1435 2677 ἴσθ’
1470 2636 1530 2680 ἔτι
1564 2642 1648 2684 κτὲ.

77 2704 327 2747 Reotissime
370 2701 608 2744 Dindorfius
650 2701 769 2744 scioli
801 2701 1013 2745 emblema
1045 2703 1214 2746 delevit.
1278 2703 1435 2748 Verum
1469 2722 1555 2753 esse
1588 2726 1651 2755 ar-

77 2776 233 2818 bitror:
278 2773 375 2826 2‘4‘7rep
417 2773 480 2815 ἀεὶ
524 2771 689 2823 βέλτιον
734 2773 755 2822 ἢ
791 2775 906 2824 ἡμεῖς
952 2775 1060 2825 ἡμῶν
1093 2774 1430 2826 ἕπιμελΕΙΤΑΙ,
1467 2778 1541 2821 ἴσθ’
1574 2780 1649 2828 ἔτι.

75 2847 256 2889 Exortus
299 2848 360 2887 est
402 2845 541 2886 nescio
584 2845 678 2899 quis
720 2845 792 2899 qui
834 2858 916 2886 non
959 2845 1177 2888 intellecta
1219 2846 1358 2903 ellipsi
1393 2849 1438 2890 in
1475 2851 1496 2900 ἢ
1533 2853 1649 2903 ἡμεῖς

77 2919 348 2974 coniungeret
381 2915 402 2966 ἢ
439 2917 554 2967 ἡμεῖς
588 2914 898 2968 ἐπιμελούμεθα
931 2915 1081 2960 deinde
1115 2917 1245 2960 αὐτῶν
1278 2917 1472 2961 additum
1504 2925 1579 2967 est.

269 2999 315 3033 11.
1446 2989 1465 3021 9
