1946 3298
889 157 973 200 489

203 281 309 340 Pag.
342 281 428 325 212
456 297 487 324 e.
522 282 657 331 ἐδεήθη
692 298 753 329 τις
787 284 912 325 αὐτοῦ
948 281 1157 337 (Aqesilai)
1192 280 1356 333 γράψαι
1391 281 1486 334 πρὸς
1520 282 1610 330 τοὺς
1645 273 1711 324 ἐπό

148 352 295 399 Ἀσίας
343 353 487 402 Φίλους
537 350 641 399 ὅπως
685 352 805 404 τύχοι
849 359 966 394 ΤΟΥ
1010 352 1211 393 δικαίΟΤ.
1275 351 1347 392 Ius
1387 366 1499 392 suum
1539 353 1719 408 consequi

145 436 229 465 non
261 423 384 465 aliter
415 421 573 465 Graece
605 423 761 465 dicitur
790 436 916 478 quam
943 421 1168 473 τυγχάνειν
1192 426 1324 463 ΤΩΝ
1354 421 1579 473 δικαίΩΝ,
1609 422 1719 477 quod

146 493 445 548 reponendum.

205 632 308 675 Post
337 646 491 688 pauca:
535 632 760 685 Μεγαρέως
800 632 841 674 δέ
889 648 991 679 τινος
1025 656 1080 663 —
1113 632 1518 684 μεγαλαυχουμένου
1561 630 1717 684 Μειρά-

148 719 252 750 κιον,
290 704 393 755 ἔφη,
429 704 461 744 οἱ
493 701 608 753 λόγοι
642 719 710 744 σου
744 707 899 750 πολλῆς
940 701 1180 758 [δυνάμεως]
1218 702 1387 746 δέονται.
1450 703 1532 745 Pro
1559 707 1718 750 πολλῆς

147 787 297 828 repone
329 771 483 819 πόλεως
517 777 558 815 et
590 773 795 823 δυνάμεως
829 786 1047 829 expunge,
1079 775 1129 813 ut
1160 772 1254 815 aliis
1285 772 1389 815 loeis
1416 772 1578 816 dictum
1604 772 1719 815 idem

148 843 366 885 emendate
396 845 602 899 scriptum
635 847 712 886 est.

204 981 308 1039 Pag.
344 981 430 1023 213
447 997 478 1023 ο.
512 982 620 1024 οὐδὲν
649 980 797 1033 ὄφελος
832 981 1015 1034 ἀνδρείας
1049 980 1232 1034 ἔφασκεν
1266 980 1366 1024 εἶναι
1399 981 1638 1038 (Agesilaus)
1661 982 1718 1031 μὴ

146 1053 349 1104 παρούσης
383 1052 657 1100 δικαιοσύνης·
693 1053 725 1093 εἶ
759 1053 799 1093 δὲ
829 1051 971 1094 δίκαιοι
1001 1053 1154 1099 πάντες
1181 1053 1359 1103 γένοιντο
1387 1053 1510 1104 μηδὲν
1533 1052 1717 1105 άνδρείας

146 1122 419 1172 δεηθήσεσθαι.
484 1121 657 1179 Corrige
688 1121 853 1173 μηδένΑ
886 1123 1071 1176 ἀνδρείας
1105 1124 1351 1169 δεΗΟεσθαι.

203 1263 309 1320 Pag.
343 1262 430 1305 214
454 1264 492 1304 d.
527 1262 808 1314 ε’πιςραφέντα
851 1264 972 1305 αὐτὸν
1005 1264 1349 1320 (Epaminondam)
1387 1291 1441 1297 --
1474 1271 1550 1308 τῶν
1581 1274 1719 1309 Λακε-

145 1333 358 1384 δαιμονίων
398 1349 459 1379 τις
492 1333 682 1385 καιρίΩΟ
715 1331 913 1382 ἐπάταξε.
982 1331 1132 1376 Graeci
1165 1335 1358 1377 dicebant
1391 1337 1578 1389 καιρίΑΝ
1612 1336 1716 1379 τύπ-

145 1420 251 1455 τειν,
283 1403 496 1454 πατάξαι,
530 1409 741 1454 πληγῆναι
777 1407 819 1445 et
850 1405 944 1445 sim.

204 1543 309 1600 Pag.
343 1543 429 1587 217
450 1544 498 1598 f.
546 1542 770 1595 Ἀρηγεύς,
813 1557 887 1585 rex
928 1542 1230 1598 Spartanorum
1274 1559 1507 1600 numquam
1550 1547 1633 1588 fuit
1673 1548 1718 1588 in

145 1614 242 1657 orbe
283 1618 502 1656 terrarum.
568 1612 846 1655 Scribendum
883 1614 1058 1666 ”Αρευς,
1101 1617 1246 1656 notum
1294 1628 1340 1657 ac
1378 1616 1519 1658 nobile
1549 1629 1717 1659 nomen.

144 1710 331 1770 Vulgata
359 1715 459 1755 nata
490 1714 552 1753 est
584 1725 635 1754 ex
664 1682 794 1765 άρέύς.

205 1852 310 1910 Pag.
346 1852 431 1895 219
459 1868 496 1894 a.
540 1852 898 1903 συμβουλευόντων
941 1853 1054 1894 τινῶν
1097 1850 1156 1894 ἔτι
1197 1852 1319 1905 πόρρω
1359 1858 1432 1902 τῆς
1467 1854 1615 1901 οἰκείας
1647 1855 1719 1902 την

145 1922 290 1977 μάχην
335 1923 555 1966 συνάπτειν
599 1924 713 1979 [δεῖ].
776 1922 963 1966 Verbum
1006 1922 1275 1974 συμβουλεύω
1318 1939 1464 1978 semper
1495 1939 1593 1967 oum
1623 1924 1720 1967 infi-

145 1995 281 2037 nitivo
313 1996 602 2050 componitur,
634 2007 868 2049 numquam
902 2007 1000 2035 cum
1032 1992 1091 2036 ὅτι
1124 1993 1195 2036 vel
1226 1994 1291 2041 ὡς.
1342 1992 1514 2051 Corrige
1540 1993 1599 2037 ὅτι
1629 2010 1721 2048 πορ-

146 2069 368 2117 ρωΤΑΤΩ
403 2069 609 2121 expuncto
641 2065 712 2106 δεῖ.

206 2193 310 2251 Pag.
346 2193 431 2236 219
465 2195 499 2236 b.
543 2195 560 2235 ὁ
604 2194 783 2245 πόλεμος
825 2194 868 2236 οὗ
911 2192 1156 2244 τεταγμένα
1201 2199 1371 2236 ΖΗΤΕΙ
1401 2208 1525 2236 sensu
1557 2207 1722 2236 cassum

148 2268 222 2306 est.
271 2263 599 2307 Restituendum
630 2267 672 2306 οὐ
705 2264 949 2315 τεταγμένα
983 2271 1255 2314 σιτεῖται,
1291 2265 1401 2319 quod
1427 2264 1477 2306 de
1505 2278 1721 2307 servorum

147 2335 322 2376 demenso
366 2335 450 2377 dici
492 2335 622 2389 solet,
666 2338 706 2378 et
747 2335 898 2377 multis
940 2335 1034 2377 aliis
1074 2335 1176 2377 locis
1215 2336 1261 2377 in
1293 2335 1437 2377 eodem
1467 2335 1579 2377 dicto
1611 2335 1723 2391 apud

145 2405 427 2448 Plutarchum
459 2406 634 2463 legitur.

206 2536 312 2593 Pag.
346 2536 432 2578 219
463 2538 503 2588 f.
536 2536 789 2594 legendum:
834 2535 1086 2586 Δερκυλίδας
1129 2535 1279 2586 Πύρρου
1312 2535 1384 2583 την
1415 2539 1620 2585 ςρατΙΑΝ
1655 2534 1720 2576 ἐπὶ

147 2612 218 2655 τῆς
252 2607 552 2658 Σπαρτιάτιδος
585 2607 749 2659 ἔχοντος
784 2631 839 2638 —-
873 2603 1004 2647 εἶπεν·
1040 2607 1071 2647 εἶ
1105 2605 1179 2656 μὲν
1213 2605 1294 2652 θεὸς
1328 2609 1462 2647 'ecel
1497 2606 1538 2646 οὐ
1568 2603 1722 2657 Φοβεύ-

147 2679 254 2728 μεθα
285 2683 360 2718 ΤΤ
379 2710 388 2727 ,
425 2678 531 2719 οὐδὲν
562 2677 644 2729 γαρ
677 2677 916 2726 αδικεῦμες,
953 2690 1027 2731 pro
1060 2677 1132 2725 την
1166 2675 1358 2729 ςρατείαν
1377 2700 1430 2707 —-
1452 2675 1534 2723 θεός
1566 2675 1646 2719 ἐςιν
1665 2700 1721 2706 -

146 2746 392 2801 φοβούμεθα
425 2751 564 2791 τοῦτον
600 2751 642 2789 et
673 2748 906 2798 άδικοῦμεν.

207 2873 312 2932 Pag.
346 2877 430 2921 221
450 2880 490 2923 d.
523 2876 729 2929 Θεμιςέας
764 2880 928 2930 προεῖπε
958 2876 1034 2928 μὲν
1061 2874 1239 2930 Λεωνίδη
1268 2900 1322 2906 -
1347 2875 1419 2923 τὴν
1453 2872 1720 2928 γενησομένην
