1946 3298
871 143 956 192 325

183 273 296 326 Quae
337 272 538 331 leguntur
578 273 601 328 ξ
633 271 820 316 37-58.
856 274 1006 314 merito
1040 272 1272 314 admiratur
1303 272 1553 316 Meinersius
1586 273 1696 330 apud

120 343 430 400 Kiesslingium
470 346 537 387 vir
579 347 726 386 acutus
770 347 811 385 et
851 345 1090 398 perspicax,
1137 344 1173 384 si
1204 344 1297 398 quis
1329 344 1460 394 alius,
1497 349 1537 386 et
1572 346 1697 400 (quod

120 415 165 455 in
206 413 464 469 philosophis
505 428 721 471 perrarum
761 415 839 467 est)
873 415 1032 468 optime
1066 412 1223 456 Graece
1255 415 1408 462 sciens,
1443 416 1516 469 qui
1546 415 1699 457 DICAE-

120 496 248 526 ARCHI
289 485 391 527 haec
433 500 520 528 esse
563 485 734 541 collegit
776 498 826 526 ex
869 483 1104 540 Porphyrio
1138 485 1156 538 ξ
1195 482 1262 525 18.
1299 485 1452 535 „oratio
1485 486 1585 526 enim
1621 487 1700 538 (in-

122 556 230 609 quit)
265 562 343 595 tam
375 557 528 609 eleqans
560 560 614 597 est
647 560 682 596 et
716 570 813 609 quae
843 555 907 595 bic
939 559 1131 609 tamquam.
1164 570 1188 594 a
1220 554 1441 609 Pytkaqora
1470 560 1504 596 et
1531 555 1638 596 dieta
1664 559 1700 595 et

121 626 288 679 eoqitata
330 628 543 668 traduntur
583 638 660 668 cam
700 631 790 667 sunt
821 626 1058 680 praeclara,
1105 632 1181 665 tam
1223 626 1286 665 vel
1325 625 1443 666 liuius
1475 625 1700 680 philosophi

121 697 185 737 vel
213 697 328 738 illius
360 701 500 738 aetatis
531 697 686 751 inqenio
719 696 989 737 convenientia
1021 701 1065 736 ut
1096 696 1159 736 vel
1188 696 1433 737 mediocriter
1459 697 1591 737 doetus
1617 711 1701 737 sen-

122 767 195 808 tiat
235 783 274 808 se
315 769 377 808 bie
420 771 621 822 antiquum
664 773 698 808 et
741 782 917 820 matyrium
961 771 1151 807 auctorem
1185 767 1346 817 audire,
1382 782 1502 822 neque
1534 767 1701 821 aliquem

123 852 273 888 eorum,
321 839 388 893 qui
419 843 510 892 post
556 838 755 880 Chrisfum
797 838 1042 893 Pytkaqorae
1072 837 1192 878 vitam
1224 842 1499 891 ewposuerunt,
1534 837 1610 877 illa
1642 837 1702 878 di-

121 923 205 949 cere
247 913 317 950 aut
357 909 526 962 coyitare
557 908 774 963 potuisse?
836 907 1065 950 Verissima
1106 908 1207 949 haec
1246 910 1386 949 omnia
1418 912 1538 962 sunt,
1573 912 1614 949 et
1640 911 1702 949 est

122 978 368 1022 incredibile
416 979 533 1021 dictu
581 982 833 1034 quantopere
876 983 917 1020 et
956 978 1058 1020 haec
1101 982 1143 1020 et
1186 992 1289 1033 quae
1336 992 1387 1019 ex
1429 980 1701 1020 ARISTOXENO

122 1054 263 1093 sumta
305 1051 388 1091 sint
430 1050 620 1091 differant
661 1064 684 1091 a
727 1049 843 1091 futili
884 1049 1138 1104 loquacitate
1181 1053 1223 1091 et
1264 1049 1365 1091 anili
1407 1050 1702 1105 superstitione

122 1120 350 1163 Iamblichi
404 1123 445 1162 et
493 1125 775 1174 caeterorum,
821 1121 893 1175 qui
943 1119 1234 1177 Pythagoram
1282 1121 1346 1162 τὸν
1393 1119 1701 1171 θαυματουργόν

123 1191 290 1235 Christo
322 1192 595 1247 opponebant.

182 1261 410 1304 Videamus
454 1263 589 1318 igitur
636 1276 688 1304 an
733 1262 994 1317 praeclarum
1044 1262 1290 1304 Dicaearchi
1334 1262 1476 1304 locum
1521 1262 1701 1305 maculis

122 1333 374 1389 quibusdam
409 1332 585 1375 liberare
618 1334 841 1388 possimus.

180 1404 311 1446 Docet
356 1403 621 1461 Pythagoras
664 1406 836 1446 iuvenes
875 1405 918 1445 in
960 1405 982 1458 ξ
1027 1402 1095 1445 37.
1135 1403 1173 1445 ἔν
1206 1420 1252 1444 τε
1284 1404 1338 1454 τῷ
1373 1403 1507 1456 κόσμῳ
1542 1403 1609 1445 καὶ
1645 1404 1698 1456 τῷ

120 1474 196 1526 βίῳ
230 1474 297 1516 ua)
332 1480 424 1520 ταῖς
458 1474 601 1516 πόλεσι
635 1474 701 1516 ux)
737 1481 786 1527 τῇ
820 1475 943 1527 φύσει
975 1477 1138 1524 μᾶλλον
1170 1475 1392 1524 τιμώμενον
1427 1475 1470 1516 τὸ
1505 1475 1699 1526 προηγού-

120 1561 236 1596 μενον
269 1545 290 1594 iq*
324 1551 434 1587 ΤΩΙ
467 1544 594 1598 χρόνῳ
629 1545 833 1594 ἑπόμενον.
881 1545 1011 1587 Recte
1042 1546 1086 1585 in
1117 1545 1163 1586 F.
1198 1545 1218 1593 ἢ
1253 1551 1330 1587 ΤΟ
1365 1547 1418 1599 τῷ
1452 1544 1579 1598 χρόνῳ
1610 1545 1699 1587 ἑπό-

120 1631 251 1666 μενον.
286 1616 489 1658 articulus
522 1617 663 1658 abesse
692 1630 775 1658 non
805 1619 958 1671 potest.

180 1686 282 1728 Post
313 1700 446 1742 pauca
477 1687 632 1729 scribe:
668 1687 808 1737 ὁμοίως
844 1687 876 1728 δ’
910 1684 970 1728 οιῦ
1003 1690 1101 1728 τῶν
1133 1687 1171 1727 ἐν
1203 1691 1296 1732 τρεῖς
1329 1687 1536 1733 ἀποικίαις
1564 1701 1638 1742 pro
1665 1687 1698 1728 δ’

123 1758 254 1799 αὐτῶν
296 1761 371 1799 τῶν
417 1758 456 1799 ἐν
498 1758 583 1799 κτὲ.
625 1761 666 1800 et
709 1772 759 1800 ex
801 1758 847 1799 F.
890 1758 1027 1813 recipe
1069 1757 1392 1809 εὐηργετηκότοις
1433 1772 1507 1813 pro
1545 1760 1700 1811 εὐεργε-

120 1827 310 1877 τηκότοις.

181 1967 409 2023 Complura
451 1968 574 2011 video
615 1969 658 2009 in
701 1969 724 2023 ξ
768 1967 822 2009 38
841 1981 926 2023 sqq.
970 1969 1121 2010 misere
1164 1972 1358 2024 corrupta
1401 1971 1442 2010 et
1473 1969 1695 2021 mutilata,

116 2040 268 2094 quibus
299 2038 463 2081 nullam
495 2053 617 2094 opem
649 2039 753 2081 ferre
784 2052 976 2093 possum,
1013 2038 1148 2081 veluti
1181 2040 1219 2080 ἐν
1252 2035 1306 2085 οἷς
1326 2064 1379 2070 -
1399 2038 1696 2091 ἐξαμαρτάνειν

116 2115 158 2153 et
201 2112 224 2165 ξ
263 2110 303 2151 4.
353 2110 546 2152 οὶποὲντων
594 2110 634 2151 δὲ
682 2114 758 2150 τῶν
804 2109 1150 2151 όντων-οἰκεῖον
1198 2109 1425 2162 ὑπάρχειν,
1460 2111 1504 2150 in
1543 2112 1696 2165 quibus

116 2195 238 2223 sanae
269 2182 496 2222 sententiae
526 2195 578 2222 ne
609 2180 761 2222 umbra
793 2180 962 2234 quidem
997 2182 1192 2221 cernitur.
1257 2179 1421 2222 Tenebo
1455 2184 1597 2222 autem
1628 2195 1698 2224 ve-

117 2254 186 2293 tus
227 2252 474 2292 institutum
516 2254 639 2306 atque
680 2264 824 2292 omnes
864 2250 976 2292 locos
1023 2250 1315 2291 huiuscemodi
1356 2249 1523 2292 silentio
1565 2254 1696 2293 trans—

117 2323 289 2364 mittam
322 2322 614 2377 obtemperans
646 2318 817 2363 Comico
848 2324 993 2375 poetae
1027 2321 1100 2375 qui
1133 2320 1254 2362 dicit:

844 2391 865 2439 ἢ
900 2391 1033 2441 λέγων
1064 2390 1211 2442 φοιίνου
1245 2391 1286 2433 τί
1316 2407 1382 2441 μοι

389 2463 524 2515 σαφὲς
557 2461 671 2513 παρὰ
703 2461 794 2508 τοὺς
830 2459 1048 2512 ἔμπροσθεν
1080 2460 1101 2509 ἢ
1133 2461 1190 2511 μὴ
1224 2460 1351 2503 κόπτε
1382 2477 1450 2512 με.

118 2535 201 2576 nisi
247 2533 356 2589 quod
401 2547 475 2589 pro
521 2532 655 2585 σαφές
705 2531 974 2589 Hegesippus
1023 2530 1151 2588 (apud
1197 2532 1350 2574 Athen.
1400 2546 1495 2590 pag.
1539 2532 1626 2576 290
1644 2534 1696 2591 b.)

121 2604 229 2646 dixit
261 2603 415 2654 καινόν,
450 2603 560 2659 quod
590 2603 699 2644 mihi
732 2602 904 2658 quidem
937 2616 1019 2644 non
1051 2604 1112 2644 est
1143 2603 1257 2644 satis.

182 2742 230 2784 In
271 2744 294 2798 ξ
337 2742 407 2785 44.
442 2742 588 2796 σχεδὸν
622 2742 705 2794 γὰρ
738 2747 831 2788 ταῖς
865 2742 1057 2792 οέγωγοιῖς
1093 2741 1298 2795 διοιφέρειν
1330 2743 1422 2791 τοὺς
1455 2744 1529 2793 μὲν
1560 2745 1699 2797 ὤνθρώ-

124 2828 222 2858 πους
264 2817 339 2854 τῶν
384 2814 725 2871 anfalcum—robe
768 2813 808 2854 δὲ
852 2813 1101 2865 φιλοσόφους
1146 2817 1222 2854 τῶν
1264 2814 1484 2866 τυχόντων.
1547 2815 1610 2857 Ex
1646 2817 1699 2858 iis

127 2896 231 2937 quae
283 2885 476 2928 continuo
518 2884 729 2927 adduntur
768 2884 964 2926 coniicias
1006 2883 1154 2938 σοφούς
1198 2897 1272 2939 pro
1321 2883 1570 2939 φιλοσόφους
1617 2885 1701 2944 Py-
