1946 3298
854 168 897 198 IX

83 290 154 334 τῆς
198 284 506 328 ΝΟΜΟθεσίας
550 282 742 333 μεγάλην
775 279 894 327 δόξαν
927 279 1063 335 εἶχεν,
1097 282 1171 322 ubi
1204 280 1345 322 Codex
1376 281 1595 323 Parisinus
1630 288 1658 322 C

85 368 158 419 πρὸ
191 371 262 413 της
295 364 552 409 ΝΟὙθεσίας
588 362 768 416 obtulit,
802 361 1047 403 bellissime.

144 446 267 501 Apud
308 445 482 501 Lysiam
525 448 657 484 contra
701 442 977 482 Nicomachum
1018 443 1063 482 in
1111 440 1191 482 fine
1235 440 1375 483 Codex
1408 442 1662 497 archetypus

85 526 304 568 Palatinus
332 525 471 566 dedit:
506 525 829 574 παρακαλοῦμεν
863 546 918 551 -—-
945 522 1202 573 τιμωρεῖσθαι
1236 521 1327 566 τοὺς
1359 522 1429 569 την
1465 521 1663 573 ὑμετέροιν

86 606 343 647 ΝΟΤθεσίαν
387 603 694 655 ἀφανίζοντας,
735 603 780 642 in
817 601 911 643 aliis
943 601 1064 643 libris
1097 605 1158 643 est
1191 602 1422 652 νομοθεσίαν
1456 616 1479 644 a
1509 616 1668 644 corree-

86 691 174 729 tore
207 684 364 728 Graeco
395 688 506 726 reete
539 683 824 725 emendatum.

148 765 272 821 Apud
302 765 580 806 Plutarchum
611 765 656 805 in
687 765 778 806 vita
810 763 981 818 Lyeuryi
1016 762 1084 804 14.
1119 762 1190 804 25.
1221 762 1263 804 αἱ
1290 763 1331 804 ’δὲ
1358 763 1470 814 μετα
1499 764 1666 809 παιδιάς

90 846 156 888 καὶ
216 844 478 895 σκωμμάτων
534 843 664 893 δήξεις
725 844 831 885 οὐδὲν
889 844 1155 894 άμβλύτεραι
1208 847 1283 885 τῶν
1332 844 1443 894 μετα
1493 843 1667 892 σπουδῆς

92 925 473 980 ΝΟΤθετημάτων,
507 939 558 966 ex
590 924 743 966 Codice
779 930 807 965 C
841 923 1010 965 affertur
1041 924 1470 974 ΝΟΜΟθετημάτων.

148 1007 311 1049 Ibidem
347 1006 414 1050 17.
451 1004 490 1049 ’7.
525 1019 667 1048 omnes
698 1004 798 1046 libri
829 1003 1008 1046 fideliter
1041 1006 1306 1047 consentiunt
1336 1007 1380 1047 in
1411 1006 1488 1048 hac
1517 1006 1670 1048 stolida

88 1087 287 1130 lectione:
333 1085 407 1132 ὥςε
450 1086 556 1137 μήτε
603 1087 735 1138 καιρὸν
773 1086 1071 1127 άπολείπεσθαι
1104 1086 1210 1136 μήτε
1243 1087 1386 1137 χωρίον
1425 1085 1565 1139 ἔρημον
1600 1090 1668 1129 τοῦ

91 1169 466 1214 ΝΟΜΟθετοῦντος
510 1167 576 1208 τὸν
618 1166 910 1220 άμαρτάνοντα
954 1167 1022 1208 καὶ
1069 1165 1329 1219 κολάζοντος,
1370 1168 1444 1210 ubi
1477 1167 1670 1224 Bryanus

93 1250 364 1296 νουθετοῦντος
396 1250 597 1291 restituit.

152 1329 297 1372 Solent
339 1330 531 1371 νουθετεῖν
573 1332 615 1371 et
656 1326 841 1380 κολάζειν
884 1329 1077 1382 componi
1110 1332 1182 1370 aut
1213 1330 1274 1370 ita
1306 1329 1416 1370 inter
1447 1343 1489 1371 se
1521 1331 1674 1385 opponi

92 1413 141 1451 ut
171 1408 355 1461 κολάζειν
388 1410 526 1451 δοῦλον
555 1413 596 1451 et
622 1408 820 1460 ἐλεύθερον
845 1409 1039 1450 νουθετεῖν
1067 1408 1242 1451 dicatur.
1293 1409 1505 1466 Diogenes
1532 1409 1669 1452 Laert.

92 1489 202 1532 VIII.
254 1489 324 1532 20.
388 1490 664 1545 (Pytkayora-s)
715 1487 966 1542 ὀργιζόμενος
1015 1489 1105 1532 οὔτε
1149 1488 1301 1538 οἰκέτην
1346 1490 1539 1544 ἐκόλαζεν
1582 1491 1673 1533 οὔτε

92 1569 292 1621 ἐλεύθερον
324 1569 474 1611 οὐδένα.
512 1569 650 1610 ἐκάλει
678 1569 719 1611 δὲ
747 1570 790 1610 τὸ
817 1570 1010 1610 νουθετεῖν
1040 1572 1272 1622 πελαργῶν.
1303 1570 1377 1612 ubi
1400 1571 1672 1613 manifestum

93 1653 154 1691 est
212 1650 426 1691 emendari
482 1653 694 1705 oporteret
748 1650 838 1691 οὔτε
889 1649 1044 1697 οἰκέτην
1092 1649 1284 1703 ἐκόλαζεν
1331 1650 1424 1692 οὔτε
1474 1652 1673 1704 ἐλεύθερον

92 1729 393 1771 ἘΝΟΎθέτει·
429 1729 567 1771 ἐκάλει
600 1731 640 1771 δὲ
673 1731 716 1771 τὸ
751 1731 943 1772 νουθετεῖν
975 1734 1232 1782 πεΔαρΤοῖν.
1268 1745 1378 1773 nuno
1412 1732 1584 1774 demum
1614 1734 1674 1774 in-

94 1810 305 1867 telligitur
337 1825 409 1853 eur
440 1811 519 1852 hoe
551 1811 769 1853 addiderit.

155 1891 371 1934 Contrario
417 1906 550 1934 errore
590 1894 633 1933 in
676 1893 766 1934 vita
806 1892 961 1933 Numae
1003 1891 1043 1934 8.
1090 1892 1156 1934 41.
1205 1891 1264 1935 ἔςι
1308 1892 1348 1934 δὲ
1394 1893 1463 1934 καὶ
1497 1893 1552 1934 τα
1586 1894 1673 1946 περὶ

95 1977 172 2014 τῶν
193 1972 485 2025 ἀφιδρυμάτων
513 1974 906 2022 ΝΟΜΟθετηματα
941 1973 1210 2014 παντάπασιν
1240 1973 1409 2026 οὶδελφα
1439 1978 1514 2015 τῶν
1543 1976 1676 2016 Πυθα-

95 2053 211 2106 γόρου
243 2053 461 2104 δογμάτων
495 2052 635 2096 Codex
666 2053 882 2095 Parisinus
914 2053 1252 2102 ΝΟΤθετηματα
1285 2055 1520 2096 substituit.

158 2133 378 2176 Machonis
408 2133 606 2177 versiculi
637 2137 734 2175 sunt
764 2134 875 2188 apud
906 2134 1171 2175 Athenaeum
1202 2148 1297 2190 pag.
1335 2133 1433 2177 578.
1456 2150 1476 2176 e

397 2214 519 2256 ἐδόκει
554 2214 594 2256 δὲ
625 2214 781 2269 λιθιᾶν,
817 2216 866 2260 ὡς
901 2212 1019 2266 ἔοιχ’,
1055 2215 1076 2262 η
1114 2215 1280 2265 Μανία,

402 2294 604 2338 Γνάθαινά
637 2296 675 2336 τ’
709 2296 763 2342 εἷς
798 2294 854 2336 τοὶ
887 2294 1062 2346 ςρώμαθ’
1095 2293 1153 2337 ὅτι
1187 2295 1394 2348 προΐεται,

399 2376 764 2424 ἘΝΟΜΟθετηθη
800 2375 920 2417 τοῦτο’
951 2391 1035 2421 πως
1069 2375 1145 2416 ὑπὸ
1181 2375 1375 2429 Διφίλου.

158 2454 266 2496 Rem
292 2469 369 2497 acu
396 2456 541 2513 tetigit
568 2456 748 2498 Lobeek.
781 2456 832 2497 ad
857 2455 1088 2512 Phrynich.
1117 2470 1214 2512 pag.
1236 2455 1334 2498 512.
1365 2458 1676 2509 ἘΝΟΥθετηθη

99 2548 298 2589 reponens
341 2539 381 2577 et
424 2537 567 2577 eadem
611 2550 733 2591 opera
771 2536 911 2578 locum
954 2536 1195 2578 Aristotelis
1236 2536 1355 2578 lebet.
1388 2539 1442 2579 ad
1470 2540 1589 2581 Aleae.
1622 2539 1674 2581 ΙΙ.

102 2615 158 2657 34
199 2618 386 2658 restituit
430 2618 474 2657 in
505 2618 735 2673 integrum.
799 2615 1030 2658 Edebatur:
1069 2616 1164 2668 πρὸς
1196 2616 1287 2663 τοὺς
1321 2617 1479 2671 καιροὺς
1514 2620 1675 2671 ὁρῶντες

102 2721 155 2727 —
183 2698 254 2745 την
288 2699 380 2748 πρὸς
415 2697 506 2743 τοὺς
539 2696 645 2742 θεοὺς
679 2696 894 2748 θεραπείαν
926 2694 1242 2739 ἘΝΟΎθέτουν.
1301 2697 1403 2750 Quis
1429 2712 1511 2741 non
1541 2713 1678 2742 assen-

100 2780 230 2820 tietur
262 2778 470 2820 Lobeckio
501 2778 857 2819 ἘΝΘΜΟθέτουν
888 2776 1140 2834 corrigenti?

161 2858 226 2900 Ad
258 2859 363 2900 hane
393 2858 533 2900 lucem
565 2858 667 2900 olim
699 2858 950 2913 deprehendi
981 2858 1145 2900 foedam
1173 2859 1381 2902 maculam
1411 2862 1455 2902 in
1482 2861 1675 2907 Isocratis
