1946 3298
909 173 995 219 426

220 306 424 351 Videmus
455 304 524 348 καὶ
558 302 805 351 πολύπονον,
841 301 951 357 quod
983 314 1081 343 cum
1115 300 1289 342 caeteris
1320 303 1508 358 pugnat,
1541 313 1624 342 non
1651 313 1738 342 esse

162 378 410 436 genuinum.
475 375 646 431 Optime
673 371 952 415 lamblichus:
989 371 1167 412 ποικίλον
1186 370 1329 412 -κοιὶ
1363 371 1511 423 σχεδὸν
1543 375 1618 412 τῶν
1651 370 1739 422 περὶ

163 447 363 500 ἄνθρωπον
406 445 730 488 πολυειδέςατον.
793 443 1014 484 Praeterea
1056 454 1129 496 pro
1169 441 1439 493 ΕΥΜφύτους
1472 456 1622 484 verum
1655 454 1743 484 esse

165 519 345 560 arbitror
387 517 638 566 ἘΜφύτους
680 513 900 567 inqem'tas,
943 516 1090 553 natura
1122 511 1276 552 insitas.
1341 511 1464 553 Plato
1494 513 1539 553 in
1571 512 1743 553 Phaeobr.

163 602 260 645 pag.
296 586 381 630 237
401 588 439 627 d.
475 588 496 635 ἧ
530 585 712 637 ἔμφυτος
748 581 847 625 οὖσα
881 582 1076 631 ἐπιθυμία
1111 582 1265 629 ἡδονῶν.

223 658 369 713 Itaque
413 660 454 698 et
495 655 659 711 reliqua
700 656 840 696 omnia
884 653 933 694 de
973 653 1120 694 eodem
1152 656 1402 709 argumento
1435 652 1547 708 apud
1577 652 1747 695 Iambli-

165 729 294 771 chum
338 728 514 782 scripta,
555 739 660 781 quae
692 725 743 767 ab
775 723 850 765 illo
881 723 972 765 1000
1006 722 1133 765 avelh'
1162 736 1243 765 non
1276 728 1451 778 possunt
1483 721 1744 773 205—208,

166 798 347 841 eundem
378 798 689 840 Amsmoxnnun
720 799 933 837 auctorem
964 794 1136 836 habent.

227 918 428 973 Sequitur
459 916 577 959 locus
608 917 656 957 de
677 915 938 970 procreandis
973 914 1107 955 liberis
1137 915 1159 969 ξ
1192 913 1443 956 209-213.
1473 927 1599 969 quem
1625 927 1749 969 supra

168 989 392 1042 diligenter
434 987 818 1029 demonstravimus
861 989 903 1027 et
944 999 967 1026 a
999 989 1216 1040 personato
1249 983 1393 1026 Ocello
1424 984 1591 1026 Lucano
1625 988 1666 1026 et
1699 984 1749 1025 ab

169 1058 407 1102 Iamblicho
441 1058 485 1099 ἐκ
518 1062 594 1099 τῶν
611 1055 856 1109 Ἀριςοξένου
874 1056 1155 1108 Πυθαγορικῶν
1183 1056 1434 1108 οέποφοέσεων
1463 1057 1507 1096 in
1535 1067 1631 1096 suos
1657 1054 1753 1097 hor.

168 1129 281 1171 tulos
315 1142 402 1170 esse
435 1128 688 1170 derivatum.

227 1249 419 1291 Eximius
450 1247 691 1289 Aristoxeni
722 1245 838 1287 locus
870 1247 914 1287 in
946 1246 968 1300 §
1004 1244 1256 1288 180-183.
1293 1247 1534 1302 agnoscitur
1566 1246 1752 1299 primum

169 1320 411 1376 argumenti
453 1317 731 1373 praestantia,
777 1316 924 1357 deinde
969 1329 1097 1371 purae
1135 1319 1176 1357 et
1208 1320 1341 1357 tersae
1374 1316 1572 1357 orationis
1603 1313 1751 1363 laude,

169 1389 386 1431 stabilitur
430 1388 607 1442 denique
639 1385 870 1442 probabilis
901 1387 1083 1441 suspicio
1115 1386 1356 1427 Aristoxeni
1387 1386 1651 1427 auctoritate.

230 1459 356 1515 Apud
397 1457 486 1500 Ioh.
521 1457 832 1499 Damascenum
862 1457 907 1498 in
938 1456 1318 1510 Append..Stobaei
1343 1455 1397 1497 II.
1428 1456 1496 1498 13.
1526 1453 1625 1497 118.
1655 1466 1753 1510 pag.

171 1528 273 1572 206.
315 1528 504 1572 Meinek.
548 1527 729 1584 legitur:
777 1528 821 1568 ἐκ
864 1531 940 1568 τῶν
983 1525 1230 1579 Ἀρις-οξένου
1269 1528 1553 1578 Πυθαγορικῶν
1588 1523 1757 1576 ἀποφά-

170 1617 282 1642 σεων.
325 1602 544 1652 Ἔφασκον
580 1598 619 1640 δὲ
654 1597 722 1639 καὶ
756 1598 834 1644 τοὶς
868 1598 1065 1647 μαθήσεις
1100 1598 1240 1644 πασας
1273 1602 1349 1640 τῶν
1377 1614 1422 1639 τε
1451 1598 1656 1646 ε’πιςημῶν
1686 1593 1754 1636 καὶ

170 1675 246 1713 τῶν
288 1674 443 1731 τεχνῶν
485 1669 562 1716 τοὶς
606 1669 680 1718 μὲν
725 1667 922 1714 ἑκουσίους
957 1669 1070 1720 ὅρθοές
1104 1684 1150 1709 τε
1183 1665 1280 1710 εἶναι
1315 1667 1382 1710 καὶ
1419 1668 1474 1714 εἷς
1504 1668 1619 1713 τέλος
1652 1667 1756 1718 ἀφι-

172 1742 375 1791 κνεῖσθαι,
417 1741 494 1787 τοὶς
536 1739 577 1781 δὲ
619 1739 828 1784 ἀκουσίους
869 1739 1058 1791 φαύλους
1102 1755 1147 1780 τε
1195 1738 1263 1780 καὶ
1313 1741 1476 1784 ἀτελεῖς
1523 1737 1756 1788 γίγνεσθαι.

171 1811 298 1854 Vides
340 1811 529 1853 indidem
574 1814 715 1852 sumta
758 1823 845 1851 esse
888 1823 993 1864 quae
1036 1810 1184 1851 scribit
1226 1808 1486 1851 lamblichus
1523 1810 1569 1849 in
1600 1808 1622 1862 ξ
1657 1805 1758 1857 183,

172 1883 241 1926 καὶ
287 1883 364 1929 τὰς
409 1881 605 1932 μαθήσεις
651 1883 728 1926 τοὶς
775 1881 887 1931 ὀρθῶς
931 1879 1180 1930 γιγνομένας
1227 1881 1423 1926 ἑκουσίους
1468 1881 1548 1921 δεῖν
1592 1876 1758 1929 ἔφασαν

171 1954 387 2005 γίγνεσθαι
420 1950 662 2004 ἀμφοτέρων
695 1950 953 2001 βουλομένων
987 1953 1056 1992 τοῦ
1090 1966 1136 1992 τε
1169 1950 1422 1997 διδάσκοντος
1457 1949 1526 1991 καὶ
1559 1952 1630 1990 τοῦ
1657 1964 1760 1998 μαν·

172 2025 380 2078 θοξνοντος,
424 2023 723 2067 οέντιτείναντος
757 2021 838 2073 γὰρ
873 2022 1059 2073 ὁποτέρου
1093 2021 1241 2070 δήποτε
1271 2025 1347 2063 τῶν
1376 2020 1586 2073 εἰρημένων
1613 2020 1683 2061 οὐκ
1711 2017 1760 2059 ἂν

174 2097 479 2142 ἐπιτελεσθῆναι
523 2093 635 2135 κατὰ
668 2092 812 2145 τρόπον
845 2092 889 2134 τὸ
925 2092 1183 2145 προκείμενον
1217 2091 1345 2145 ἔργον.

232 2206 390 2249 Eadem
436 2219 560 2261 opera
591 2218 640 2246 ex
672 2204 751 2246 hoc
784 2205 954 2261 egregio
987 2204 1226 2261 fragmento
1259 2205 1496 2246 eximamus
1527 2203 1763 2264 mendum,

173 2277 283 2332 quod
323 2279 367 2318 in
404 2278 614 2332 superiore
647 2276 949 2318 commentario
983 2275 1151 2317 silentio
1183 2276 1560 2330 praetermisimus.
1608 2273 1761 2316 Editur

173 2350 218 2389 in
261 2348 282 2402 ξ
326 2347 425 2389 181.
470 2347 565 2399 πρὸς
609 2346 691 2398 γὰρ
735 2345 858 2397 ἄνδρα
909 2345 973 2387 ἐπὶ
1020 2347 1336 2396 καλοκαγαθίας
1380 2345 1528 2395 ἥκοντα
1575 2345 1758 2393 ἀληθινὸν

174 2417 339 2468 ἀξίωμα
384 2418 464 2460 οὔτ’
507 2417 720 2470 εὔσχημον
752 2416 834 2459 οὔτ’
869 2417 1049 2468 εὔκαιρον
1083 2414 1182 2458 εἶναι
1216 2414 1453 2468 προσφέρειν
1488 2415 1580 2458 οὔτε
1613 2430 1759 2467 παρρη-

175 2489 266 2531 σίαν
299 2494 480 2530 ΠΑΛῙΝ
513 2488 604 2530 οὔτε
637 2488 692 2529 τοὶ
725 2487 852 2529 λοιπὰ
885 2491 961 2528 τῶν
993 2487 1139 2538 οΞρτίως
1170 2485 1394 2538 εἰρημένων.
1460 2486 1657 2541 Ineptum
1695 2488 1758 2527 est

175 2559 302 2602 πάλιν
342 2573 473 2614 neque
514 2559 636 2600 omnis
679 2558 881 2610 παρρησία
924 2572 1023 2614 erga
1055 2571 1244 2599 summos
1276 2558 1388 2598 viros
1420 2555 1757 2611 reprehendenda

176 2634 262 2685 est,
296 2629 367 2671 sed
400 2642 447 2671 ea
478 2632 646 2670 tantum
680 2642 784 2683 quae
815 2628 992 2670 modum
1025 2628 1202 2670 excedit.
1257 2627 1403 2682 Itaque
1436 2625 1753 2683 corrigendum:

177 2701 267 2743 οὔτε
300 2698 524 2751 παρρησίαν
557 2704 800 2740 ΠΟΛΛΗΝ
835 2697 927 2740 οὔτε
961 2699 1044 2740 κτὲ.
1080 2712 1261 2753 namque
1292 2700 1336 2739 in
1368 2698 1445 2739 hac
1478 2710 1640 2753 quoque
1672 2710 1715 2738 re

915 2774 1004 2810 sunt
1036 2772 1133 2810 certi
1165 2769 1332 2824 denique
1351 2770 1481 2823 fines,

446 2854 541 2895 quos
571 2840 679 2880 ultra
716 2839 890 2894 citraque
922 2840 1056 2894 nequit
1087 2839 1295 2880 consistere
1325 2843 1480 2880 rectum.

237 2910 465 2970 Reliquum
499 2913 562 2953 est
593 2913 643 2953 ut
673 2923 806 2952 unum
840 2911 1046 2952 eximium
1078 2911 1318 2952 Aristoxeni
1343 2908 1486 2951 locum
1513 2908 1560 2949 de
1573 2908 1753 2963 fortuna
