1946 3298
927 161 980 204 39

223 292 328 349 Pag.
371 291 470 335 157.
491 307 522 332 e.
570 292 747 339 ὤμοσα
788 289 869 339 γὰρ
917 289 1026 339 αὐτῷ
1075 286 1146 328 καί
1192 301 1256 336 μοι
1305 284 1469 336 ἀνάγκη
1518 285 1737 326 πείθεσθαι.

165 362 373 404 Feruntur
414 362 520 404 duae
550 360 749 402 lectiones
781 359 920 408 ὤμοσα
954 364 995 400 et
1027 356 1236 406 ὀμώμοκα.
1299 355 1404 397 Utra
1436 360 1498 397 est
1528 357 1664 410 potior
1696 358 1738 396 et

165 435 287 475 unice
328 431 452 476 vera?
515 431 629 484 Quae
671 437 733 472 est
773 431 818 470 in
862 428 983 470 libris
1031 427 1304 469 deterioribus
1352 430 1393 468 et
1434 428 1478 467 in
1523 425 1741 467 Bodleiani

165 505 357 560 margine
389 503 597 553 ὀμώμοκα.
661 500 902 542 Perfectum
937 501 1050 540 enim
1082 501 1144 539 est
1171 499 1452 539 necessarium
1485 496 1535 537 de
1566 509 1634 543 eo,
1668 496 1741 548 qui

163 574 437 616 iurisiurandi
489 572 598 627 quod
645 571 804 612 dederit
850 569 1054 626 religione
1101 568 1237 610 adhuc
1282 571 1470 617 tenetur,
1519 569 1568 607 ut
1614 564 1741 605 iurati

164 644 323 686 iudices
365 644 561 685 dicuntur
603 640 857 691 ὀμωμοκότες
902 639 1110 688 καθῆσθαι.
1176 638 1395 680 Substitue
1435 636 1655 687 ὀμόσαντες
1699 638 1741 676 et

165 714 342 755 ridicule
384 714 547 755 dictum
590 713 682 754 erit.
746 700 876 766 Saepe
909 711 998 753 vidi
1030 711 1074 750 in
1105 709 1295 750 Parisino
1329 716 1363 749 A
1395 708 1577 749 scribam
1609 719 1741 760 quum

165 786 211 825 in
254 787 374 826 textu
417 787 591 826 errasset
635 796 814 824 errorem
858 796 984 822 suum
1024 782 1069 821 in
1101 781 1292 836 margine
1325 779 1529 835 corrigere
1560 775 1741 832 praefixo

168 870 233 906 γρ.
275 855 320 895 id
352 858 414 896 est
445 853 585 906 γράφε
617 853 685 895 vel
718 853 933 904 γραπτέον.
999 851 1326 905 Nonnumquam
1359 851 1460 891 satis
1491 848 1641 889 habuit
1673 861 1741 889 ve-

166 939 258 966 ram
301 927 552 980 scripturam
597 937 811 978 apponere.
876 922 1072 978 Suspicor
1113 922 1226 963 idem
1270 935 1378 962 nunc
1424 921 1470 960 in
1515 917 1741 959 Bodleiano

167 1010 248 1037 usu
288 997 462 1038 venisse.
527 994 671 1036 Scriba
712 1008 844 1048 quum
887 1008 1025 1035 errans
1058 993 1197 1043 ὤμοσα
1231 992 1410 1034 dedisset
1440 991 1562 1031 unice
1593 1003 1742 1031 verum

165 1067 360 1118 ὂμώμοκα
391 1068 436 1107 111
467 1080 538 1108 ora
566 1065 666 1107 libri
697 1065 928 1120 adscripsit.

226 1206 328 1249 Post
368 1221 499 1262 pauca
544 1204 698 1247 157.d.
741 1204 978 1260 recipienda
1019 1207 1108 1246 erat
1150 1203 1410 1245 emendatio:
1455 1203 1565 1252 λέγω
1607 1200 1742 1251 μέντοι

167 1294 223 1320 σοι
259 1275 318 1319 ὅτι
355 1277 561 1330 Χαρμίδης
596 1282 671 1318 τῶν
706 1278 920 1325 ἡλικιωτῶν
954 1276 995 1316 οὐ
1028 1274 1144 1325 μόνον
1178 1282 1227 1328 τῇ
1261 1274 1347 1329 ἰδέα
1379 1274 1500 1315 &ozel
1541 1271 1746 1325 διαφέρειν

167 1363 240 1404 pro
274 1348 414 1390 ἐδόκει.

228 1419 276 1461 In
318 1433 403 1474 sqq.
449 1424 612 1462 πλεῖςον
653 1419 763 1460 δοκεῖ
800 1415 1101 1470 σωφρονέςατος
1145 1412 1246 1456 εἶναι
1290 1419 1365 1456 τῶν
1398 1414 1478 1455 νυνί
1508 1411 1749 1455 ludificatur

168 1504 241 1532 nos
284 1494 477 1544 corrupta
519 1489 666 1538 lectio,
712 1493 883 1532 Πλεῖςον
927 1486 1228 1539 σωφρονέςατος
1266 1500 1339 1541 per
1370 1487 1505 1540 ipsam
1537 1485 1599 1525 rei
1629 1488 1751 1526 natu-

171 1574 265 1602 ram
311 1562 504 1615 componi
542 1573 624 1601 non
667 1562 854 1614 possunt.
934 1557 1128 1600 Multum
1170 1560 1313 1598 metuo
1355 1570 1406 1597 ne
1447 1569 1569 1598 verae
1609 1554 1747 1597 lectio.

167 1633 233 1673 nis
274 1632 457 1687 vestigia
501 1632 665 1678 omnia,
713 1633 762 1670 ut
802 1630 926 1670 toties
957 1630 1001 1669 in
1034 1628 1264 1676 Charmide,
1293 1640 1461 1682 prorsus
1488 1625 1624 1667 deleta
1650 1627 1751 1667 sint-

168 1702 339 1744 Poterat
380 1701 533 1743 dixisse
576 1706 774 1742 ΠΑΝτων
817 1698 1117 1750 σωφρονέςατος
1161 1704 1235 1739 τῶν
1269 1698 1369 1745 νυνί,
1403 1701 1444 1739 et
1476 1700 1539 1738 est
1568 1698 1612 1737 in
1644 1696 1750 1738 Bod-

167 1773 303 1814 leiano
348 1771 630 1825 πλείσΤΩΝ,
673 1771 744 1813 sed
784 1772 829 1812 in
871 1769 1179 1812 adolescentulo
1223 1769 1266 1811 id
1309 1770 1456 1811 aetatis
1490 1769 1674 1809 nimium
1704 1767 1751 1808 id

169 1847 232 1885 est
267 1846 308 1885 et
339 1843 643 1898 propemodum
674 1844 880 1897 ineptum.

229 1983 345 2026 Male
377 1983 565 2026 mulcata
597 1986 694 2024 sunt
725 1983 770 2023 in
801 1981 921 2023 libris
952 1995 1048 2037 pag.
1086 1979 1184 2022 15¹7.
1204 1983 1242 2021 d.
1276 1979 1378 2020 haec
1409 1977 1555 2021 verba:
1590 1978 1631 2019 οὐ
1666 1978 1747 2029 γαρ

168 2052 281 2106 οἶμαι
325 2054 453 2097 ἄλλον
497 2053 636 2096 οὐδένα
678 2058 753 2095 τῶν
795 2052 930 2094 ἐνθάδε
974 2052 1112 2106 ῥαδίως
1157 2050 1204 2092 ἂν
1245 2049 1354 2101 ἔχειν
1397 2047 1592 2098 ἐπιδεῖξαι
1638 2055 1748 2091 ποῖαι

170 2126 272 2168 δυοῖν
304 2127 424 2168 οἶκίαι
459 2126 526 2167 καὶ
562 2130 628 2167 νῦν
661 2126 847 2166 ἐλθοῦσαι
870 2150 924 2155 —
945 2122 1123 2164 καλλίων
1156 2121 1205 2164 ἂν
1233 2121 1301 2162 καὶ
1329 2120 1502 2170 οὶμείνων
1529 2121 1747 2170 γενήσεται

172 2197 192 2246 ἢ
234 2197 278 2247 ἐξ
320 2195 368 2238 ὧν
412 2197 460 2238 σὺ
495 2196 688 2247 γέγονας.
752 2195 822 2237 Sic
854 2194 1121 2236 Bodleianus.
1159 2192 1232 2234 alii
1262 2197 1374 2233 ποῖαι
1408 2192 1508 2233 δυοῖν
1545 2193 1634 2245 (aut
1667 2191 1750 2243 δύο)

173 2268 314 2310 οἰκίαιν
348 2267 630 2309 συνελθούσαιν
655 2292 709 2298 -
734 2267 890 2308 καλλίω
925 2264 973 2307 ἂν
1007 2264 1074 2306 καὶ
1108 2264 1259 2314 οὶμείνω
1293 2263 1542 2313 γεννήσειαν.
1606 2261 1750 2317 Suspi-

172 2352 241 2380 cor
272 2338 473 2380 nonnulla
505 2339 717 2380 excidisse.
765 2337 928 2392 Nempe
961 2337 1003 2377 οὐ
1037 2335 1119 2387 γαρ
1152 2333 1301 2375 ἄλλον
1335 2333 1473 2375 οὐδένα
1505 2335 1566 2374 113
1593 2333 1749 2375 dicitur

171 2414 220 2451 111
260 2411 366 2457 πλὴν
413 2413 480 2451 σοῦ
525 2414 598 2451 3111
640 2413 800 2459 μᾶλλον
843 2411 911 2448 σοῦ
957 2406 1178 2463 cogitando
1209 2406 1264 2446 sit
1296 2404 1602 2460 supplendum,
1638 2405 1749 2459 quod

171 2495 268 2523 cum
300 2494 388 2535 sqq.
421 2482 580 2521 minine
614 2480 802 2534 quadrat.
866 2477 1026 2520 Deletis
1058 2480 1200 2519 autem
1234 2476 1429 2518 omnibus
1460 2475 1627 2516 indiciis
1658 2476 1749 2517 veri

168 2555 354 2607 praestat
390 2550 498 2592 nihil
537 2550 748 2592 hariolari.
812 2549 971 2591 Eodem
1013 2548 1136 2590 modo
1178 2547 1365 2589 mulcata
1405 2549 1447 2588 et
1478 2546 1746 2601 pessumdata

168 2626 267 2664 sunt
307 2623 445 2665 vicina
483 2635 581 2678 pag.
627 2620 723 2663 158,
743 2636 779 2663 a.
819 2624 861 2662 et
892 2621 927 2662 b.
961 2620 1113 2675 quibus
1143 2633 1213 2660 me
1244 2631 1326 2660 non
1358 2631 1445 2659 esse
1478 2617 1746 2659 emendandis

166 2692 279 2735 ultro
310 2691 518 2748 profiteor.

228 2833 528 2889 Imperfectum
559 2834 716 2874 iterum
747 2831 1061 2887 perversissime
1091 2842 1165 2885 pro
1196 2828 1404 2884 praesenti
1431 2830 1622 2890 tempore
1649 2829 1746 2871 sub·

170 2906 372 2947 stitutum
413 2906 476 2945 est
516 2916 613 2959 pag.
659 2901 757 2944 158.
776 2903 811 2944 b.
851 2902 882 2944 εἶ
915 2902 990 2953 μέν
1023 2916 1080 2942 σοι
1114 2900 1184 2949 ἤδη
1220 2898 1386 2952 παρεςιν
1422 2900 1460 2955 (ἡ
1493 2901 1745 2957 σωφροσύνη)
