1946 3298
929 165 1014 214 557

183 293 441 349 καταφυγὼν
482 295 604 335 κάκεῖ
642 293 932 347 διαφθείρεται.
998 295 1154 338 Nullus
1185 295 1268 337 suit
1300 306 1506 347 umquam
1540 294 1653 334 trans
1685 288 1755 334 Ti·

181 368 314 410 herim
357 366 467 406 lucus
504 363 729 405 Furiarum.
793 364 950 407 Verum
982 379 1135 408 nomen
1168 364 1353 407 servavit
1385 361 1581 404 Aurelius
1612 362 1757 404 Victor

182 438 229 478 de
268 436 312 478 V.
346 436 387 478 I.
420 448 508 490 cap.
544 434 614 476 65.
652 436 722 488 „C.
759 436 957 477 Gracchus
991 461 1044 467 --
1077 435 1294 490 Pomponio
1327 433 1448 474 amico
1483 433 1589 487 apud
1606 437 1756 487 portam

185 507 460 562 Triqeminam,
494 506 543 546 P.
576 506 757 546 Laetori-o
788 510 831 546 in
854 511 976 561 ponte
1008 507 1171 548 sublicio
1194 507 1518 561 persequentibus
1555 503 1759 544 resistente

182 581 225 618 in
266 577 412 619 lucum
455 575 634 617 Furinae
670 577 886 630 pervenit.''
949 576 1030 619 Sed
1061 577 1188 619 habet
1219 576 1473 618 Plutarchus
1506 576 1667 617 socium
1700 588 1761 616 er-

183 650 288 690 roris
331 646 575 690 Ciceronem
619 647 666 687 de
707 650 804 687 Nat.
840 647 1010 688 Deorum
1043 647 1116 688 III.
1156 646 1222 688 18.
1260 651 1348 697 „sin
1380 649 1470 688 haec
1502 648 1574 687 dea
1607 650 1661 687 est
1690 660 1761 686 cur

184 734 261 760 non
293 717 561 760 Eumenides?
594 742 650 747 —
682 733 849 772 quarum
881 723 917 759 et
949 719 1118 759 Athenis
1138 719 1292 773 fanum
1324 724 1379 758 est
1412 725 1448 758 et
1480 718 1588 770 apud
1617 731 1686 757 nos
1718 719 1761 756 ut

186 805 249 843 eqo
295 789 532 841 interpretor
577 788 686 827 lucus
729 787 947 829 Furinae?
1011 788 1092 830 Sed
1134 802 1217 830 non
1259 791 1322 829 est
1359 790 1399 828 in
1431 786 1507 828 tali
1540 801 1583 828 re
1616 784 1760 828 Cicero

186 859 293 900 fidus
339 859 542 912 interpres
591 860 632 898 et
678 861 842 912 praeter
887 859 1046 912 primas
1087 858 1279 900 literulas
1310 858 1465 898 Furina
1497 856 1604 898 nihil
1635 855 1763 897 habet

187 942 284 970 cum
317 927 454 969 Furiis
487 940 723 969 commune‘

247 998 378 1040 Iidem
414 997 495 1039 duo
528 998 655 1038 amici
686 999 732 1038 in
763 997 918 1040 ultimo
949 997 1131 1041 Gracchi
1163 999 1404 1040 discrimine
1433 1012 1767 1040 commemoran-

187 1072 258 1110 tur
303 1082 325 1109 a
373 1067 602 1109 Plutarcho
652 1067 720 1109 16.
766 1067 833 1109 24.
881 1068 1126 1119 βουλόμενος
1175 1068 1315 1110 ἑαυτὸν
1359 1069 1519 1111 οένελεῖν
1564 1069 1639 1111 ὑπὸ
1684 1072 1761 1110 τῶν

188 1138 417 1183 πιςοτάτων
462 1138 626 1189 ἑταίρων
668 1139 845 1188 ἐκωλύθη
888 1140 1126 1189 Πομπωνίου
1171 1140 1237 1180 καὶ
1282 1140 1486 1194 Λικινίου,
1528 1141 1611 1182 nisi
1653 1139 1763 1195 quod

189 1211 419 1263 Laetorius,
449 1222 584 1251 errore
612 1210 806 1259 fortasse,
837 1210 1009 1256 Λικίνιος
1038 1215 1112 1253 aut
1140 1211 1332 1257 Λικίννιος
1364 1211 1612 1267 appellatur.
1649 1209 1764 1252 Vell.

190 1281 353 1323 Patere.
400 1279 454 1321 II.
491 1279 532 1320 6.
579 1295 678 1334 „quo
721 1281 786 1321 die
824 1282 1040 1333 sinqularis
1084 1282 1290 1335 Pomponii
1333 1282 1475 1337 equitis
1518 1281 1690 1322 Romani
1721 1284 1764 1320 in

195 1352 411 1392 Gracchum
438 1351 547 1404 fides
577 1351 697 1405 fuit,
741 1353 808 1406 qui
839 1367 941 1393 more
977 1353 1142 1394 Coclitis
1173 1352 1402 1395 sustentatis
1433 1353 1475 1393 in
1498 1357 1620 1408 ponte
1650 1351 1766 1393 ltosti-

192 1424 261 1464 bus
294 1425 376 1464 eius
396 1421 530 1476 qladio
562 1436 602 1462 se
630 1422 866 1477 transfluit?

254 1563 301 1606 O.
347 1562 524 1606 Gracch.
570 1562 635 1606 17.
672 1562 741 1604 29.
778 1562 988 1613 ὠμότατον
1021 1564 1061 1606 δὲ
1095 1564 1460 1616 Προσειργάσαντο.
1526 1564 1628 1621 Leg.
1663 1560 1769 1612 ὠμό-

193 1650 317 1676 τατον
351 1634 391 1675 δέ
425 1640 482 1675 Tl
517 1634 891 1689 προσειργάσαντο,
925 1639 974 1676 ut
1004 1638 1158 1690 passim
1194 1636 1297 1678 alibi
1331 1650 1505 1691 sequens
1538 1642 1573 1677 Π
1609 1638 1771 1677 antece-

195 1706 293 1747 dens
327 1712 384 1747 ΤΙ
419 1705 637 1746 absorbsit.
700 1705 935 1747 Pronomen
969 1707 1109 1748 abesse
1141 1721 1221 1749 non
1253 1721 1372 1762 posse
1400 1708 1667 1762 perspicuum
1695 1707 1770 1746 est.

256 1776 604 1833 Indignabundus
637 1776 891 1818 Plutarchus
924 1777 940 1817 ὁ
970 1778 1118 1829 χοῆςός
1148 1779 1413 1820 atrocitatem
1443 1777 1609 1819 sceleris
1637 1779 1772 1818 osten-

197 1847 281 1887 dit:
332 1846 541 1896 ὠμότατον
589 1847 630 1888 δέ
674 1863 712 1887 τι
756 1849 1100 1899 προσειργάσαντο
1141 1851 1211 1889 τοῦ
1257 1849 1457 1899 Φουλβίου
1490 1849 1556 1889 τὸν
1590 1846 1772 1897 νεώτερον

198 1917 278 1958 υἱὸν
324 1917 415 1959 οὔτε
463 1923 607 1968 χεῖρας
651 1917 932 1968 ἀνταράμενον
970 1919 1055 1961 οὔτ’
1089 1919 1127 1959 ἕν
1159 1925 1241 1965 τοῖς
1275 1919 1528 1971 μαχομένοις
1561 1917 1774 1968 γενόμενον

198 1988 295 2029 ἀλλ’
331 1988 396 2029 ἐπὶ
432 1989 607 2035 σπονδάς
644 1989 810 2030 ἐλθόντα
845 1989 916 2039 πρὸ
950 1995 1022 2037 τῆς
1055 1989 1202 2041 μάχης
1235 1990 1518 2040 συλλαβόντες
1554 1989 1621 2030 καὶ
1662 1988 1774 2038 μετα

199 2059 270 2105 τὴν
317 2058 463 2112 μάχην
509 2059 734 2105 άνελόντες.
798 2059 955 2101 Eodem
1006 2062 1146 2101 animo
1194 2059 1381 2102 Velleius
1423 2060 1586 2102 Patere.
1630 2058 1684 2101 ΙΙ.
1733 2058 1774 2103 ’7.

203 2129 320 2178 „kuic
363 2129 565 2171 atrocitati
603 2130 793 2170 adiectum
831 2131 966 2171 scetus.
1036 2131 1186 2185 Quippe
1228 2131 1383 2171 iuvenis
1420 2134 1544 2184 specie
1586 2131 1775 2172 eacellens

200 2200 360 2240 necdum
399 2200 744 2240 duodevicesimum
787 2205 1052 2253 transyressus
1085 2216 1230 2241 annum
1262 2201 1515 2255 immunisque
1547 2201 1775 2242 delictorum

193 2277 447 2324 paternorum
480 2271 618 2311 Fulvii
650 2271 786 2310 Flacci
807 2272 954 2325 filius,
985 2287 1091 2326 quem
1116 2277 1235 2326 pater
1268 2273 1433 2325 leqatum
1466 2273 1513 2312 de
1544 2272 1778 2313 conditioni-

199 2342 268 2384 bus
299 2345 477 2387 miserut,
512 2342 558 2381 ab
598 2341 747 2394 Opimio
784 2341 1010 2382 interemtus
1042 2342 1136 2382 est.''
1201 2342 1452 2384 Rectissime
1491 2342 1605 2384 idem
1638 2341 1692 2384 II.
1731 2341 1773 2384 6.

203 2412 284 2462 „Id
325 2426 448 2452 unum
486 2411 646 2466 nefarie
685 2412 732 2451 ab
782 2411 932 2464 Opimio
971 2413 1170 2465 proditum
1213 2413 1317 2466 quod
1345 2412 1507 2466 capitis,
1542 2428 1618 2453 non
1652 2413 1776 2453 dicam

205 2483 390 2531 Gracchi,
437 2486 505 2523 sed
544 2482 639 2522 civis
677 2483 848 2522 Romani
870 2484 1046 2536 pretium
1077 2498 1117 2524 se
1152 2487 1332 2524 daturum
1366 2484 1482 2535 idque
1513 2499 1610 2524 auro
1641 2497 1778 2537 repen-

201 2568 334 2594 surum
368 2551 614 2607 proposuit.'’
658 2553 767 2607 quod
813 2567 859 2595 eo
892 2556 1032 2609 magis
1064 2554 1272 2595 nefarium
1307 2557 1394 2596 erat
1423 2555 1521 2609 quia
1554 2554 1656 2596 haec
1688 2568 1779 2596 cru-

201 2624 305 2666 delis
338 2623 497 2678 Opimii
532 2623 658 2672 „ultio
678 2623 837 2676 privato
864 2625 951 2664 odio
978 2625 1101 2677 mayis
1122 2640 1235 2676 quam
1251 2625 1435 2678 publicae
1464 2625 1658 2666 vindictae
1681 2626 1778 2665 duta

202 2695 309 2744 est,'’
342 2698 391 2735 ut
424 2694 568 2735 scribit
599 2692 785 2735 Velleius
818 2693 872 2735 ΙΙ.
908 2693 948 2736 7.

262 2765 419 2807 Eodem
464 2764 602 2805 furore
648 2762 842 2818 Opimius
887 2778 1057 2820 corpora
1096 2780 1312 2808 caesorum
1347 2766 1444 2819 (tria
1476 2769 1593 2808 erant
1623 2766 1779 2821 millia)

204 2837 247 2877 in
277 2835 465 2877 Tiberim
498 2836 646 2890 profici
678 2836 820 2885 iussit,
855 2836 963 2877 bona
995 2850 1139 2878 eorum
1167 2837 1427 2892 publicavit,
1457 2850 1605 2878 uxores
1633 2836 1780 2894 lugere

206 2907 365 2956 vetuit,
411 2909 451 2947 et
493 2905 585 2948 Caii
625 2919 801 2947 uxorem
843 2907 1049 2950 Liciniam
1096 2908 1190 2950 dote
1223 2907 1426 2950 multavit
1459 2906 1673 2949 Plutarch.
1709 2907 1780 2952 17.
