1946 3298
875 114 957 162 19'7

147 246 307 286 veteres
339 243 646 300 adscripserunt
678 240 928 296 κωμῳδεῖται
961 245 1030 287 vel
1061 244 1347 297 κεκωμῴδηται
1381 248 1398 289 ὅ
1427 246 1560 299 ςίχος.
1607 244 1718 292 Leve

146 317 208 355 est
241 328 291 355 ex
322 314 468 356 eodem
502 315 739 371 fragmento
770 316 928 357 vitium
955 315 1239 357 eximendum.
1303 315 1579 359 scribendum
1605 320 1717 360 enim

143 385 196 432 ὡς
229 385 452 432 καπηλείου
485 384 616 436 Ου’ρΑ,
650 398 724 439 pro
756 386 879 436 θύραι.

203 455 549 497 Animadvertere
591 458 654 496 est
695 468 841 509 operae
879 457 1064 510 pretium
1113 459 1268 511 quanta
1312 456 1508 499 libertate
1549 457 1719 513 Tragici

140 524 185 564 in
217 524 494 578 procudendis
525 526 646 567 novis
677 524 893 567 vocabulis
924 529 1153 567 uterentur.
1219 527 1364 581 Neque
1395 527 1714 582 τραπεζοῦσθαι,

139 607 272 648 neque
314 595 631 649 μελισσοῦσθαι,
665 608 797 649 neque
829 595 1058 637 ε’λαιοῦσθαι
1091 596 1337 638 mortalium
1370 599 1592 652 quisquam
1622 612 1715 639 um-

139 676 266 718 quam
309 664 470 706 dixerat
507 664 576 706 vel
608 664 826 707 audiverat
858 669 899 706 et
930 667 1004 707 vix
1034 679 1106 720 per
1138 666 1374 723 analogiam
1407 667 1614 710 latissime
1644 682 1715 723 pa-

138 736 298 774 tentem
338 734 492 776 licebat
534 734 601 775 his
641 747 734 775 eam
775 736 989 776 notionem
1027 736 1199 787 addere,
1234 750 1361 792 quam
1392 741 1514 794 poeta
1545 738 1713 780 indidit.

137 801 220 845 Sed
251 805 365 845 acuti
397 804 608 845 auditores
640 803 751 845 δεινοὶ
786 808 870 846 πάν
902 806 946 847 τὸ
980 805 1200 856 λεγόμενον
1232 809 1490 860 συναρπάσαι
1525 815 1566 853 et
1591 810 1713 853 facile

137 875 337 928 cuiusque
368 873 564 917 vocabuli
596 887 764 915 sensum
797 876 1122 930 assequebantur
1154 880 1195 918 et
1223 877 1277 918 τα
1310 885 1583 932 καινοπρεπῶς
1615 882 1712 933 εἰρη-

135 942 240 994 μένα
274 945 342 985 καὶ
373 944 428 986 τα
462 944 907 996 παρακεκινδυνευμένα
941 947 1128 1001 impense
1161 946 1489 992 admirabantur.

195 1013 481 1069 Theophrasto
521 1015 566 1055 in
608 1014 686 1056 tali
728 1015 1067 1057 observationum
1089 1030 1255 1072 ⁸genere
1286 1021 1521 1073 praeiverat
1551 1023 1709 1064 Aristo-

134 1083 238 1126 teles
270 1086 342 1140 qui
374 1085 425 1127 ad
458 1085 745 1141 fragmentum
777 1085 991 1141 Euripidis
1027 1084 1135 1128 700:

496 1157 630 1203 κώπης
667 1155 834 1198 άνάσσει
870 1157 1064 1207 κάποβόις
1095 1158 1150 1203 εἷς
1183 1158 1349 1200 Μυσίαν

499 1227 817 1278 ἕτραυματίσθη.

135 1297 354 1339 annotavit
386 1298 431 1337 in
466 1296 625 1338 metor.
658 1296 732 1338 III.
767 1296 807 1338 2.
841 1297 885 1338 τὸ
920 1296 960 1338 δὲ
980 1322 1032 1327 -
1063 1297 1236 1345 κώπης
1278 1298 1484 1343 α’νάσσει
1513 1328 1566 1334 -
1586 1305 1708 1357 aime-

133 1366 232 1418 πές,
270 1363 328 1408 ότι
360 1366 497 1419 μεῖζον
527 1367 571 1408 τὸ
606 1367 868 1408 άνάσσειν
901 1367 921 1416 ἢ
957 1369 1050 1408 κατ’
1084 1368 1215 1418 άξιάν.
1266 1370 1429 1426 Nempe
1457 1373 1565 1415 nihil
1592 1375 1707 1418 aliud

133 1441 195 1480 est
226 1439 361 1487 κώπης
395 1437 565 1480 άνάσσει
600 1451 727 1492 quam
765 1436 898 1486 κώπην
932 1438 1092 1479 ἐλαύνει
1126 1440 1214 1481 sive
1246 1448 1498 1490 κωπηλατεῖ.

190 1576 415 1633 Sophocles
448 1577 599 1633 fragm.
635 1575 735 1619 574.

369 1650 450 1701 φεῦ
482 1650 593 1700 φεῦ,
629 1647 670 1688 τί
702 1646 844 1689 τούτου
875 1646 1029 1699 χάρμα
1061 1647 1196 1700 μεῖζον
1229 1648 1279 1690 ἂν
1310 1650 1458 1701 λάβοις

366 1720 436 1760 τοῦ
469 1722 546 1768 γῆς
580 1717 874 1768 ἐπιψαύσαντα
908 1715 996 1772 κᾷθ’
1032 1718 1106 1760 ὑπὸ
1139 1718 1242 1772 ςέγῃ

367 1794 518 1837 πυκνῆς
553 1789 725 1830 άκοῦσαι
758 1787 946 1840 ψακάδος
980 1787 1142 1841 εὑδούσῃ
1173 1791 1312 1842 φρενίς

186 1859 389 1902 Stobaeus
431 1860 585 1901 omisso
627 1861 708 1912 φεῦ
751 1862 832 1912 φεῦ
874 1859 1043 1901 exhibet
1073 1860 1221 1910 λάβοις
1255 1861 1363 1903 ποτέ.
1429 1862 1585 1907 Verum
1618 1880 1704 1909 esse

124 1930 314 1973 videtur:

363 2000 404 2042 τί
435 2002 584 2042 roone
615 1998 766 2051 χάρμα
793 1998 928 2051 μεῖζον
963 1999 1012 2041 ἂν
1045 2000 1193 2049 λάβοις
1226 2002 1349 2053 ποτέ;

182 2071 377 2114 Refertur
409 2072 522 2113 enim
554 2071 667 2112 τοῦδε
700 2071 750 2112 ad
780 2070 824 2112 id
856 2071 966 2125 quod
998 2072 1199 2126 sequitur.
1257 2072 1511 2116 Plutarchus
1540 2077 1696 2119 eximio

122 2141 234 2193 loco,
281 2156 406 2197 quem
446 2140 664 2183 Nauckius
706 2140 909 2183 indicavit
950 2142 1011 2196 (in
1043 2143 1128 2184 vita
1157 2142 1331 2184 Aemilii
1361 2143 1487 2186 Pauli
1519 2159 1607 2202 cap.
1641 2148 1693 2205 I.)

123 2212 175 2254 ad
201 2213 412 2268 superiora
438 2212 617 2254 referens
644 2211 780 2255 dedit:
816 2212 858 2254 τί
888 2212 1063 2254 τούτου
1095 2212 1246 2265 χάρμα
1275 2213 1410 2266 μεῖζον
1442 2214 1491 2256 ἂν
1524 2217 1696 2270 λάβοις;

181 2352 294 2394 Fieri
323 2366 406 2395 non
437 2353 574 2407 potest
604 2354 653 2393 ut
686 2351 908 2407 Sophocles
940 2353 1151 2407 scripserit
1182 2353 1293 2408 quod
1325 2355 1369 2395 in
1400 2355 1554 2412 fragm.
1595 2357 1692 2401 583.

122 2436 173 2464 ex
203 2421 380 2465 Stobaeo
414 2422 581 2464 affertur
591 2436 603 2472 3

444 2494 483 2534 ἐν
512 2492 594 2544 step
623 2492 784 2544 βραχεῖ
813 2493 975 2534 καθεῖλε
1009 2492 1169 2546 κώλίγῳ
1200 2493 1342 2547 χρόνῳ.

182 2563 283 2615 Quis
317 2577 440 2605 sanus
472 2563 603 2605 credit
634 2563 673 2603 ἐν
706 2562 867 2615 βραχεῖ
894 2563 962 2605 καὶ
996 2563 1120 2616 ὀλίγῳ
1151 2564 1277 2617 χρόνῳ
1318 2568 1510 2620 componi
1545 2569 1692 2623 posse?

120 2632 203 2675 Sed
232 2647 314 2675 non
345 2636 442 2675 sunt
472 2633 574 2674 haec
607 2631 824 2687 Sophoclis
854 2634 981 2676 verba
1013 2633 1084 2675 sed
1115 2637 1355 2676 correctoris
1380 2635 1692 2698 supplementa,

120 2705 164 2745 in
207 2704 358 2758 quibus
400 2703 671 2745 emendandis
712 2704 848 2745 inanis
889 2717 1013 2758 opera
1048 2702 1222 2746 luditur.
1286 2704 1465 2747 Perinde
1495 2709 1693 2752 mendosa

121 2777 218 2815 sunt
247 2773 430 2828 reliqua:
463 2773 552 2824 βίος
587 2777 628 2815 et
660 2772 749 2823 βίον
780 2775 958 2829 repetita
990 2778 1031 2815 et
1063 2772 1247 2824 δαίμονος
1280 2778 1405 2816 κακοῦ
1440 2775 1544 2824 δόσις
1572 2778 1694 2830 ὄλβον

123 2844 327 2897 καθαιρεῖ,
361 2858 466 2900 quae
497 2858 631 2899 neque
662 2844 761 2886 ferri
791 2848 965 2899 possunt
994 2858 1127 2899 neque
1158 2846 1203 2888 in
1235 2846 1450 2901 integrum
1480 2850 1660 2897 restitui.
