1946 3298
860 169 945 214 399

176 292 225 338 In
269 296 292 351 ξ
335 293 436 339 239.
485 297 562 349 Ε,
611 297 727 342 dedit
774 298 953 342 κλεινίοιν
1000 314 1053 350 γε
1100 304 1240 354 μΗΝ,
1283 311 1358 355 pro
1404 297 1494 351 μέν.
1537 303 1578 343 et
1618 302 1694 343 τῶν

118 365 387 418 ΠυθαγόρΟΤ
431 367 580 418 λόγων.
625 374 667 413 et
707 372 750 413 in
793 370 898 414 fine:
942 369 1057 412 καλοὶ
1100 370 1175 421 μὲν
1213 366 1276 413 οὖν
1311 370 1378 413 mc>
1411 374 1551 414 τοοῦτοι
1583 371 1692 425 πρέ-

118 451 287 478 ποντοι
321 442 394 485 τῆς
426 440 587 491 φιλίοις.

176 575 225 618 In
267 578 289 632 ξ
329 577 430 622 241.
475 580 692 632 προσῆλθον
735 580 776 622 δὲ
819 579 887 622 aaa}
933 579 1033 630 Ξένοι
1073 586 1123 633 τῇ
1156 580 1410 633 Πυθαγορείῳ
1444 579 1591 632 οιῖρέσει
1622 580 1692 623 καὶ

117 649 379 691 ΜεσσαΠίων
439 651 502 705 (F.
552 650 797 706 μεσσανίων)
857 651 925 692 uxi
974 656 1190 693 Λευκανῶν
1237 652 1303 693 καὶ
1351 652 1578 694 Πευκετίων
1623 652 1691 694 naa)

118 718 337 767 Ῥωμαίων.
403 719 505 771 Quis
547 725 609 763 est
651 721 778 763 huius
819 723 882 764 rei
924 720 1094 764 auctor?
1155 722 1394 777 Respondet
1432 722 1694 779 Porphyrius

117 788 140 842 ξ
173 787 241 830 22.
277 791 494 841 προσῆλθον
526 791 560 832 δ’
593 792 727 843 αὐτῷ,
761 790 810 838 ὥς
843 795 966 844 <Duo-tv
999 791 1271 844 ’Λριςόξενος,
1306 792 1374 834 noc)
1407 792 1604 835 Λευκανοὶ
1624 792 1692 834 noc)

117 859 353 902 Μεσσάπιοι
398 860 466 902 ua}
509 862 716 904 Πευκέτιοι
756 862 824 904 uoci
858 864 1060 913 Ῥωμαῖοι.
1124 862 1250 905 Vides
1280 878 1390 905 nunc
1421 863 1532 905 unde
1563 863 1695 918 profe-

119 931 220 972 cerit
267 930 476 988 Diogenes
517 932 654 974 Lae‘rt.
699 932 810 974 VIII.
860 932 930 975 14.
978 933 1311 986 προσεκαρτέρουν
1355 934 1467 986 αὐτῷ
1513 933 1580 975 καὶ
1619 937 1696 976 τῶν

117 998 248 1050 λόγων
287 998 405 1046 ἕνεκα
446 1004 671 1056 προσῄεσαν
705 1003 773 1044 noa}
805 1004 1003 1046 Λευκοονοὶ
1039 1006 1107 1047 κοιῖ
1141 1005 1346 1047 Πευκέτιοι
1380 1003 1618 1047 Μεσσάπιοί
1648 1022 1696 1047 τε

118 1071 186 1113 καὶ
221 1073 423 1122 Ῥωμαῖοι.

177 1142 323 1185 Fuisse
355 1144 430 1186 hos
462 1144 735 1187 barbarorum
764 1159 883 1203 reges
912 1149 954 1188 et
982 1145 1150 1203 regulos
1177 1147 1296 1188 testis
1329 1148 1390 1188 est
1417 1145 1696 1189 Dicaearchus

117 1214 228 1269 apud
258 1213 547 1271 Porphyrium
576 1217 598 1270 ξ
629 1216 697 1257 19.
731 1217 908 1263 πολλοὺς
936 1217 1009 1266 μὲν
1039 1215 1192 1267 ἔλαβεν
1221 1215 1264 1265 ἐξ
1291 1218 1417 1264 αὐτῆς
1447 1221 1520 1264 τῆς
1540 1215 1696 1264 πόλεως

118 1284 318 1335 ὁμιλητάς
340 1286 615 1340 -,πολλοὺς
652 1288 687 1330 δ’
720 1287 803 1329 ἀπὸ
838 1293 910 1335 τῆς
943 1287 1148 1338 σύνεγγυς
1177 1287 1390 1339 βαρ-βάρου
1418 1289 1556 1340 χώρας
1574 1287 1697 1338 βασι-

117 1360 202 1402 λεῖς
247 1371 293 1397 τε
337 1356 404 1397 καὶ
447 1356 637 1404 Eundem.
701 1357 921 1400 Habemus
962 1360 1099 1414 igitur
1146 1358 1249 1399 duos
1279 1358 1509 1413 locupletes
1541 1362 1695 1414 testes,

117 1425 492 1481 Peripateticorum
526 1428 812 1482 doctissimos,
847 1428 1027 1470 alterum
1058 1429 1103 1469 in
1137 1426 1314 1470 Graecia
1345 1429 1503 1470 maiore
1529 1432 1694 1483 natum,

119 1496 299 1539 alterum
333 1499 376 1539 in
407 1499 599 1553 proxima
630 1500 805 1547 vicinia,
842 1500 915 1553 qui
945 1499 1172 1540 memoriae
1204 1498 1476 1553 prodiderunt
1501 1499 1697 1540 Romanos

117 1567 245 1609 fuisse
276 1569 386 1609 inter
415 1569 685 1626 Pythagorae
718 1569 928 1611 auditores
963 1582 1113 1623 eosque
1144 1583 1264 1625 reges
1297 1569 1425 1610 fuisse
1458 1572 1499 1610 et
1515 1569 1696 1626 regulos.

117 1638 265 1680 Nonne
297 1639 496 1681 videntur
527 1639 715 1682 Numam
742 1639 1006 1694 Pompilium
1032 1644 1250 1694 tamquam
1279 1639 1414 1696 digito
1439 1638 1698 1682 monstrare?

119 1707 201 1750 Sed
243 1723 323 1764 quo
365 1711 510 1751 minus
551 1710 629 1752 hoc
673 1724 823 1752 verum
865 1724 953 1752 esse
997 1710 1214 1752 credamus
1245 1714 1486 1764 temporum
1518 1712 1699 1753 rationes

117 1778 354 1834 prohibent.
404 1778 577 1822 Scilicet
610 1780 898 1822 Romanorum
933 1778 1215 1837 Chronologia
1243 1795 1292 1822 ex
1318 1782 1487 1822 incertis
1512 1783 1700 1836 antiqua-

118 1850 279 1891 riorum
326 1851 633 1905 suspicionibus
680 1854 721 1892 et
768 1852 1017 1893 coniecturis
1065 1856 1163 1893 nata
1211 1851 1338 1893 habet
1382 1851 1543 1907 aliquid
1583 1853 1699 1893 certi.

120 1919 241 1962 Nihil
271 1933 462 1975 prorsus:
497 1920 701 1978 figmenta
732 1921 833 1963 haec
865 1925 963 1962 sunt
994 1935 1250 1976 paucorum,
1286 1935 1388 1976 quos
1419 1935 1575 1978 magna
1608 1922 1702 1964 doc-

120 1995 262 2033 torum
303 1991 535 2032 multitudo
569 2005 712 2033 secura
746 1993 936 2046 sequitur
947 2005 957 2042 ,·
993 1995 1034 2033 et
1066 1992 1140 2033 ubi
1174 1991 1305 2033 semel
1337 1992 1480 2034 fabula
1513 1992 1562 2034 de
1595 2005 1700 2034 anno

119 2061 252 2104 natali
294 2062 411 2103 urbis
451 2061 612 2104 Romae
657 2076 856 2104 consensu
889 2064 1081 2104 omnium
1115 2064 1215 2104 satis
1244 2063 1432 2104 stabilita-
1464 2066 1574 2113 erat,
1608 2066 1703 2105 tum

122 2132 295 2174 demum
337 2132 527 2182 Atticus,
572 2132 725 2187 Varro,
760 2131 929 2182 Cicero,
962 2133 1192 2189 Dionysius
1226 2147 1271 2175 ac
1304 2134 1456 2175 caeteri
1487 2147 1561 2188 pro
1595 2147 1704 2175 com-

121 2206 239 2257 perto
283 2202 435 2244 habere
468 2206 691 2257 coeperunt
725 2202 874 2244 multis
906 2207 999 2258 post
1028 2203 1217 2245 Numam
1250 2204 1457 2245 aetatibus
1487 2203 1703 2260 Pythago-

121 2287 212 2315 ram
268 2274 313 2313 in
369 2272 538 2314 Italiam
588 2273 817 2314 advenisse.
898 2273 1107 2328 Equidem
1157 2273 1371 2328 aliquanto
1418 2273 1514 2328 plus
1563 2274 1703 2316 tribuo

122 2345 370 2386 Aristoxeno
403 2347 444 2384 et
476 2343 731 2385 Dicaearcho
765 2356 892 2397 quam
926 2344 1121 2385 omnibus
1156 2347 1360 2398 quotquot
1392 2344 1561 2385 fuerunt
1593 2344 1704 2401 apud

121 2413 331 2456 Romanos
384 2413 610 2455 Annalium
659 2415 892 2468 scriptores.
959 2413 1096 2464 Quam
1145 2413 1268 2455 facile
1302 2415 1358 2455 sit
1390 2416 1434 2456 in
1465 2413 1542 2456 tali
1573 2428 1617 2456 re
1659 2417 1704 2457 in

59 2485 62 2486 ⁷
122 2487 346 2539 utramque
388 2488 552 2539 partem
597 2484 797 2526 disserere
837 2484 985 2525 Livius
1018 2487 1059 2525 et
1092 2483 1236 2526 Cicero
1270 2484 1505 2526 ostendunt.
1554 2484 1704 2528 Livius

123 2554 199 2596 ubi
243 2554 406 2596 dixerat
434 2553 468 2595 I.
504 2554 571 2595 18.
635 2554 927 2610 Pythagoram
970 2557 1141 2595 eentum
1175 2553 1357 2610 amplius
1388 2558 1483 2610 post
1513 2554 1703 2598 Numam

124 2625 241 2665 annis
290 2625 398 2666 circa
441 2626 730 2679 Metapontum
772 2623 1106 2679 Heracleamque
1151 2628 1192 2667 et
1234 2624 1460 2667 Crotonem
1500 2626 1703 2667 invenum

125 2700 265 2737 coetus
296 2694 515 2744 habuisse,
548 2696 609 2737 ita
639 2696 804 2750 pergit:
843 2695 907 2735 Ea:
938 2695 1076 2750 quibus
1108 2695 1226 2745 locis,
1261 2695 1334 2736 etsi
1364 2695 1532 2736 eius-dem
1563 2696 1704 2737 aetatis

114 2764 292 2819 fuisset,
335 2780 434 2820 quae
465 2765 588 2818 fama
630 2765 674 2805 in
717 2764 882 2805 Sabinos
923 2770 992 2806 aut
1031 2780 1104 2821 quo
1136 2765 1296 2818 linquae
1327 2765 1546 2806 commercio
1576 2781 1703 2821 quem-

125 2849 238 2890 quam
280 2836 334 2876 ad
366 2836 618 2890 cupiditatem
652 2835 825 2876 discendi
857 2835 1056 2878 excivisset
1068 2836 1090 2877 .9
1123 2851 1243 2892 quove
1265 2836 1471 2890 praesidio
1504 2851 1605 2877 unus
1632 2851 1702 2890 per

126 2909 180 2946 tot
206 2909 339 2958 qenbes
371 2907 546 2949 dissonas
578 2921 748 2949 sermone
779 2907 1020 2963 moribusque
1043 2907 1322 2961 pervenisset?
1385 2904 1528 2949 Cicero
1562 2909 1703 2949 contra
