1946 3298
881 125 966 169 269

199 251 400 295 Libanius
442 252 516 295 III.
562 251 659 293 359.
702 250 740 294 ¹7.
783 252 1037 303 βέβλαπται
1080 252 1119 294 δὲ
1166 253 1234 295 καὶ
1277 254 1294 295 o‘
1338 254 1459 306 λόγος
1493 258 1547 310 τῷ
1579 258 1707 312 θυμῷ·

139 327 210 369 τῆς
255 323 336 373 γαρ
383 324 607 374 ὑπερβολῆς
651 321 1102 372 γενόμενος-ἐξώσθη
1138 324 1237 380 (leg.
1271 325 1458 381 ἐξεώσθη)
1492 333 1559 370 τοῦ
1595 331 1710 370 πιθα-

139 397 216 434 νοῦ.
281 394 401 435 Nihil
433 393 642 450 significat
674 398 746 440 τῆς
782 394 1007 444 ὑπερβολῆς
1042 393 1275 449 γενόμενος,
1308 397 1379 437 sed
1408 399 1562 439 excidit
1590 413 1709 441 voca,-

138 463 287 504 bulum
320 466 363 504 in
396 478 443 505 ea
475 478 518 505 re
550 466 753 505 usitatum
786 471 857 511 τῆς
894 464 1122 515 ὑπερβολῆς
1153 466 1328 507 ‘'OAOC
1361 468 1590 516 γενόμενος.
1640 469 1710 511 Sic

138 534 331 576 dicebant
378 532 466 580 ὅλος
515 535 596 583 εἰμὶ
639 538 707 575 τοῦ
752 534 903 581 πάθους
946 539 988 576 et
1029 536 1122 576 Sim.
1166 536 1253 577 vid.
1290 537 1355 578 Fr.
1390 537 1625 581 Iacobsium
1660 541 1711 582 ad

137 603 385 647 Philostrati
419 605 615 658 Imaqines
646 618 743 662 pag.
782 604 879 646 119.
917 604 983 646 13.

196 744 299 801 Pag.
347 743 446 787 367.
495 743 532 786 5.
578 744 665 786 οὐδὲ
709 743 874 790 τούτους
918 746 1079 794 μᾶλλον
1110 745 1131 794 ἢ
1166 748 1278 796 σφοῖς
1315 747 1500 797 ὑβρίσθαι
1534 751 1710 798 νομιοῦσι

138 814 263 864 μένεα
308 815 510 861 πνείοντες
543 816 773 865 Ἄβαντες.
838 815 1009 857 Veteres
1041 816 1244 858 dixissent
1277 816 1297 864 ἢ
1335 823 1512 868 ΟΦΕΙΟ,
1546 818 1618 860 sed
1650 833 1712 861 re-

138 887 339 927 centiores
381 884 579 928 Graeculi
621 888 665 927 in
708 887 773 928 his
811 889 928 927 erant
959 886 1193 928 hebetiores
1226 890 1266 928 et
1298 886 1584 930 Romanorum
1619 903 1712 931 con-

137 957 402 999 suetudinem
435 957 725 1011 sequebantur.

197 1096 398 1138 Libanius
438 1096 512 1137 III.
558 1095 656 1138 363.
701 1096 742 1139 9.
784 1097 889 1148 φασὶ
935 1096 976 1138 δέ
1019 1113 1108 1138 τινα
1154 1098 1190 1138 ἐν
1234 1099 1468 1151 Παλαιςίνῃ
1506 1099 1710 1148 τοσαύτην

137 1165 307 1213 ἄσκησιν
354 1168 549 1208 ποιεῖσθαι
585 1167 845 1216 κοσμιότητος
879 1165 969 1209 ὥσθ’
1005 1168 1079 1209 ὑπὸ
1112 1173 1187 1209 τῶν
1223 1169 1352 1219 ἄκρων
1393 1170 1429 1210 ἐν
1463 1175 1556 1216 ταῖς
1590 1171 1713 1213 πόλε-

137 1254 197 1279 σιν
239 1237 303 1278 ἐπὶ
350 1245 526 1279 παιΔΙΑ
570 1238 638 1279 καὶ
684 1245 885 1288 γυναῖκας
924 1238 1177 1288 εἰσάγεσθαι.
1243 1240 1340 1294 Ipsa
1371 1244 1520 1282 natura
1552 1243 1611 1282 rei
1644 1242 1711 1284 de-

139 1312 345 1350 monstrat
388 1308 533 1349 ποιιδία
574 1322 659 1350 esse
701 1309 751 1350 ab
794 1308 871 1350 hoc
913 1308 1004 1350 loco
1036 1308 1246 1350 alienum:
1280 1324 1431 1365 nempe
1464 1312 1529 1352 ἐπὶ
1563 1311 1710 1354 παιδία

138 1378 317 1433 quilibet
367 1379 537 1420 admitti
584 1383 733 1433 potest.
797 1378 1074 1420 scribendum
1117 1381 1253 1436 igitur
1295 1381 1360 1421 ἐπὶ
1405 1387 1597 1423 παῖΔΑΟ
1641 1382 1710 1424 καὶ

139 1454 362 1499 γυναῖκας,
407 1453 456 1490 ut
488 1449 683 1490 omnibus
715 1454 962 1490 consuetum
996 1454 1056 1491 est
1090 1450 1237 1492 dicere.
1301 1450 1427 1493 Error
1458 1452 1554 1493 inde
1586 1456 1710 1494 natus

138 1519 247 1574 quod
291 1519 487 1561 scribitur
528 1507 622 1573 παῗ,
666 1519 791 1574 idque
832 1522 905 1560 aut
950 1520 1095 1566 παῖδες
1132 1520 1321 1577 (παῖδας)
1356 1525 1429 1563 aut
1461 1523 1607 1564 παιδία
1638 1526 1712 1565 aut

138 1590 304 1632 παιδεία
337 1589 561 1648 significat.

197 1731 303 1787 Pag.
340 1729 439 1773 376.
476 1731 515 1772 1.
548 1728 677 1772 δ’σΟΝ
711 1729 761 1771 ἂν
792 1731 849 1780 μὴ
882 1731 1101 1783 συνενέγκῃ
1132 1732 1187 1773 τοὶ
1221 1733 1431 1784 σχήματα
1464 1738 1547 1779 τοῖς
1574 1731 1710 1784 λόγοις

138 1802 328 1843 ἀπώλεσε
361 1803 432 1850 τὴν
465 1801 681 1853 εὐφωνίαν.
747 1801 901 1843 Reiske
933 1799 1066 1844 ἕσΩΝ
1104 1804 1257 1844 conicit
1289 1806 1330 1844 et
1361 1804 1636 1853 οέπώλεσΑΝ,
1672 1812 1716 1846 at

138 1877 186 1915 tu
230 1874 362 1914 scribe
405 1870 450 1913 ὃσ
493 1872 541 1913 ἂν
585 1874 641 1921 μὴ
685 1872 917 1924 συνενέγκῃ.
983 1873 1190 1915 Accentus
1222 1874 1365 1929 gravis
1397 1872 1567 1916 librario
1603 1876 1715 1917 visus

138 1947 187 1985 ut
218 1957 338 1998 saepe
371 1942 473 1984 alibi
504 1942 691 1999 syllabae
727 1959 806 1984 -ον
839 1957 926 1984 esse
960 1944 1271 1998 compendium.

196 2083 300 2139 Pag.
345 2082 442 2125 376.
489 2082 559 2124 20.
600 2084 698 2124 ἀλλ’
742 2084 819 2133 οὐχ
864 2084 979 2132 ἡμεῖς
1023 2100 1074 2134 γε
1120 2088 1195 2124 τῶν
1237 2088 1312 2124 σῶν
1345 2082 1476 2134 λόγων
1515 2083 1709 2135 ἔΟόμεθα.

137 2155 225 2196 sine
258 2168 394 2195 sensu.
458 2153 630 2210 Corrige
662 2153 859 2202 ἑΞόμεθα.

196 2293 396 2335 Libanius
439 2292 512 2334 ΠΙ.
558 2292 657 2335 380.
699 2292 767 2334 11.
807 2293 1024 2344 ὡσπερανεὶ
1059 2296 1126 2334 καὶ
1165 2294 1232 2334 τὸν
1265 2293 1431 2344 πυρετὸν
1466 2293 1533 2335 καὶ
1567 2291 1710 2337 τᾶλλα

136 2365 417 2415 οξρρωςήματα
450 2365 526 2404 τῶν
560 2364 739 2416 ὀρχηςῶν
773 2362 955 2413 ἔφασκεν
987 2361 1099 2404 εἶναι.
1156 2363 1326 2405 Excidit
1357 2364 1506 2406 vocula
1538 2365 1589 2406 ad
1621 2379 1711 2407 sen-

90 2458 92 2460 *
135 2436 312 2476 tentiam
345 2436 586 2476 neessaria.
652 2434 819 2488 Repone
850 2435 1116 2475 notissimam
1150 2434 1314 2476 dicendi
1344 2435 1547 2476 formam:
1581 2433 1710 2489 ὥσπερ

136 2504 184 2547 ἂν
218 2505 253 2545 εἴ
283 2510 377 2546 TIC
396 2530 450 2536 —
469 2504 650 2557 ἔφασκεν
683 2501 798 2546 εἶναι.

194 2644 397 2686 Libanius
439 2643 511 2685 111.
550 2642 648 2685 384.
685 2633 752 2685 15.
788 2644 821 2685 οἱ
855 2642 1075 2694 θαυμάζειν
1111 2643 1151 2685 δὲ
1185 2644 1352 2690 εἶΔότες
1386 2645 1574 2694 οέγνοοῡσι
1609 2644 1707 2687 διότι

136 2714 423 2764 θαυμάζουσιν.
483 2714 735 2756 Mendosum
769 2718 830 2755 est
862 2714 1038 2755 εἶδότεςῖ
1065 2728 1188 2756 nemo
1222 2719 1284 2756 est
1316 2716 1429 2756 enim
1464 2717 1536 2769 qui
1575 2715 1708 2757 admi-

135 2787 217 2825 rari
243 2785 401 2839 aliquid
427 2789 600 2840 nequeat.
647 2783 819 2840 Corrige
848 2784 1079 2829 εΞΩΘότες.
1123 2784 1368 2839 Numquam
1397 2785 1547 2827 defecit
1574 2799 1708 2842 genus

136 2868 278 2897 eorum
297 2858 368 2912 qui
384 2857 534 2898 soleant
550 2856 750 2899 admirari
767 2855 876 2912 quod
892 2856 1099 2911 nesciant,
1117 2869 1192 2896 nec
1208 2854 1351 2911 facile,
1370 2855 1510 2911 credo,
1531 2854 1706 2902 deficiet.
