<?xml version="1.0" encoding="UTF-8"?>
<!DOCTYPE html PUBLIC "-//W3C//DTD XHTML 1.0 Transitional//EN"
    "http://www.w3.org/TR/xhtml1/DTD/xhtml1-transitional.dtd">
<html xmlns="http://www.w3.org/1999/xhtml" xml:lang="en" lang="en">
 <head>
  <title>
</title>
<meta http-equiv="Content-Type" content="text/html;charset=utf-8" />
  <meta name='ocr-system' content='tesseract 3.04.00' />
  <meta name='ocr-capabilities' content='ocr_page ocr_carea ocr_par ocr_line ocrx_word'/>
</head>
<body>
  <div class='ocr_page' id='page_1' title='image "./collectaneacriti00cobeuoft_0397.png"; bbox 0 0 1946 3298; ppageno 0'>
   <div class='ocr_carea' id='block_1_1' title="bbox 833 148 917 194">
    <p class='ocr_par' dir='ltr' id='par_1_1' title="bbox 833 148 917 194">
     <span class='ocr_line' id='line_1_1' title="bbox 833 148 917 194; baseline -0.024 0"><span class='ocrx_word' id='word_1_1' title='bbox 833 148 917 194; x_wconf 78' lang='lat'><em>379</em></span> 
     </span>
    </p>
   </div>
   <div class='ocr_carea' id='block_1_2' title="bbox 89 274 1665 475">
    <p class='ocr_par' dir='ltr' id='par_1_2' title="bbox 89 274 1665 475">
     <span class='ocr_line' id='line_1_2' title="bbox 149 274 1664 333; baseline -0.002 -13"><span class='ocrx_word' id='word_1_2' title='bbox 149 278 195 320; x_wconf 89' lang='lat' dir='ltr'><em>In</em></span> <span class='ocrx_word' id='word_1_3' title='bbox 239 280 261 333; x_wconf 68' lang='grc' dir='ltr'>ἓ</span> <span class='ocrx_word' id='word_1_4' title='bbox 304 277 404 320; x_wconf 77' lang='grc'><em>152.</em></span> <span class='ocrx_word' id='word_1_5' title='bbox 449 278 522 319; x_wconf 79' lang='grc' dir='ltr'><em>ὑπὸ</em></span> <span class='ocrx_word' id='word_1_6' title='bbox 561 282 637 319; x_wconf 85' lang='grc' dir='ltr'><em>τῶν</em></span> <span class='ocrx_word' id='word_1_7' title='bbox 669 277 926 329; x_wconf 70' lang='grc' dir='ltr'><em>μετεχόντων</em></span> <span class='ocrx_word' id='word_1_8' title='bbox 959 275 1125 325; x_wconf 80' lang='grc' dir='ltr'><em>ἑτοίμως</em></span> <span class='ocrx_word' id='word_1_9' title='bbox 1159 274 1253 326; x_wconf 81' lang='grc' dir='ltr'><em>πρὸς</em></span> <span class='ocrx_word' id='word_1_10' title='bbox 1287 275 1357 321; x_wconf 78' lang='grc' dir='ltr'><em>την</em></span> <span class='ocrx_word' id='word_1_11' title='bbox 1390 279 1465 316; x_wconf 81' lang='grc' dir='ltr'><em>τῶν</em></span> <span class='ocrx_word' id='word_1_12' title='bbox 1499 275 1664 326; x_wconf 70' lang='grc' dir='ltr'><em>ἀγαθῶν</em></span> 
     </span>
     <span class='ocr_line' id='line_1_3' title="bbox 89 343 1665 397; baseline -0.003 -7"><span class='ocrx_word' id='word_1_13' title='bbox 89 348 370 391; x_wconf 79' lang='grc' dir='ltr'><em>διδασκαλίαν,</em></span> <span class='ocrx_word' id='word_1_14' title='bbox 433 348 686 391; x_wconf 77' lang='lat' dir='ltr'>Mendosum</span> <span class='ocrx_word' id='word_1_15' title='bbox 728 352 790 389; x_wconf 88' lang='lat' dir='ltr'><em>est</em></span> <span class='ocrx_word' id='word_1_16' title='bbox 833 345 1115 397; x_wconf 73' lang='grc' dir='ltr'><em>μετεχόντων,</em></span> <span class='ocrx_word' id='word_1_17' title='bbox 1149 344 1220 386; x_wconf 86' lang='lat' dir='ltr'>sed</span> <span class='ocrx_word' id='word_1_18' title='bbox 1251 343 1384 385; x_wconf 85' lang='lat' dir='ltr'>nihilo</span> <span class='ocrx_word' id='word_1_19' title='bbox 1415 344 1569 386; x_wconf 86' lang='lat' dir='ltr'>melius</span> <span class='ocrx_word' id='word_1_20' title='bbox 1604 348 1665 386; x_wconf 81' lang='lat' dir='ltr'><em>est</em></span> 
     </span>
     <span class='ocr_line' id='line_1_4' title="bbox 90 415 1152 475; baseline -0.005 -14"><span class='ocrx_word' id='word_1_21' title='bbox 90 421 199 475; x_wconf 90' lang='lat' dir='ltr'>quod</span> <span class='ocrx_word' id='word_1_22' title='bbox 231 423 435 475; x_wconf 89' lang='lat' dir='ltr'>reponunt</span> <span class='ocrx_word' id='word_1_23' title='bbox 465 424 587 461; x_wconf 76' lang='grc' dir='ltr'><em>ΜΕΝ</em></span> <span class='ocrx_word' id='word_1_24' title='bbox 623 417 811 471; x_wconf 78' lang='grc' dir='ltr'><em>ἐχόντων.</em></span> <span class='ocrx_word' id='word_1_25' title='bbox 873 416 1003 459; x_wconf 85' lang='lat' dir='ltr'>Aliud</span> <span class='ocrx_word' id='word_1_26' title='bbox 1035 415 1152 457; x_wconf 80' lang='lat' dir='ltr'>latet.</span> 
     </span>
    </p>
   </div>
   <div class='ocr_carea' id='block_1_3' title="bbox 91 552 1667 890">
    <p class='ocr_par' dir='ltr' id='par_1_3' title="bbox 91 552 1667 890">
     <span class='ocr_line' id='line_1_5' title="bbox 149 552 1665 612; baseline -0.003 -13"><span class='ocrx_word' id='word_1_27' title='bbox 149 557 197 599; x_wconf 91' lang='lat' dir='ltr'><em>In</em></span> <span class='ocrx_word' id='word_1_28' title='bbox 229 558 251 612; x_wconf 68' lang='grc' dir='ltr'>ξ</span> <span class='ocrx_word' id='word_1_29' title='bbox 285 557 381 599; x_wconf 77' lang='lat'>152.</span> <span class='ocrx_word' id='word_1_30' title='bbox 417 558 555 608; x_wconf 73' lang='grc' dir='ltr'><em>λέγειν</em></span> <span class='ocrx_word' id='word_1_31' title='bbox 587 557 628 598; x_wconf 81' lang='grc' dir='ltr'><em>δὲ</em></span> <span class='ocrx_word' id='word_1_32' title='bbox 661 557 782 599; x_wconf 79' lang='grc' dir='ltr'><em>αὐτὸν</em></span> <span class='ocrx_word' id='word_1_33' title='bbox 815 552 1126 598; x_wconf 74' lang='grc' dir='ltr'><em>ΠΕΡΙο-πένδειν</em></span> <span class='ocrx_word' id='word_1_34' title='bbox 1152 554 1242 600; x_wconf 83' lang='grc' dir='ltr'><em>τοὺς</em></span> <span class='ocrx_word' id='word_1_35' title='bbox 1271 554 1507 606; x_wconf 79' lang='grc' dir='ltr'><em>ἀνθρώπους.</em></span> <span class='ocrx_word' id='word_1_36' title='bbox 1555 553 1665 596; x_wconf 83' lang='lat' dir='ltr'>Feli-</span> 
     </span>
     <span class='ocr_line' id='line_1_6' title="bbox 91 625 1667 681; baseline -0.003 -11"><span class='ocrx_word' id='word_1_37' title='bbox 91 631 194 671; x_wconf 86' lang='lat' dir='ltr'>citer</span> <span class='ocrx_word' id='word_1_38' title='bbox 235 628 458 670; x_wconf 90' lang='lat' dir='ltr'>emendant</span> <span class='ocrx_word' id='word_1_39' title='bbox 501 633 628 668; x_wconf 88' lang='lat' dir='ltr'><strong>TPlC</strong></span> <span class='ocrx_word' id='word_1_40' title='bbox 670 626 873 676; x_wconf 78' lang='grc' dir='ltr'><em>σπένδειν,</em></span> <span class='ocrx_word' id='word_1_41' title='bbox 911 640 1010 668; x_wconf 91' lang='lat' dir='ltr'>nam</span> <span class='ocrx_word' id='word_1_42' title='bbox 1041 625 1091 666; x_wconf 92' lang='lat' dir='ltr'>de</span> <span class='ocrx_word' id='word_1_43' title='bbox 1122 640 1279 674; x_wconf 73' lang='lat' dir='ltr'>numero</span> <span class='ocrx_word' id='word_1_44' title='bbox 1316 625 1491 666; x_wconf 71' lang='lat' dir='ltr'><em>ternario</em></span> <span class='ocrx_word' id='word_1_45' title='bbox 1524 626 1667 681; x_wconf 83' lang='lat' dir='ltr'>agitur</span> 
     </span>
     <span class='ocr_line' id='line_1_7' title="bbox 91 694 1665 747; baseline -0.003 -6"><span class='ocrx_word' id='word_1_46' title='bbox 91 703 132 741; x_wconf 82' lang='lat' dir='ltr'><em>et</em></span> <span class='ocrx_word' id='word_1_47' title='bbox 173 701 318 741; x_wconf 82' lang='lat' dir='ltr'>statim</span> <span class='ocrx_word' id='word_1_48' title='bbox 351 699 489 740; x_wconf 80' lang='lat' dir='ltr'>addit:</span> <span class='ocrx_word' id='word_1_49' title='bbox 524 699 590 739; x_wconf 74' lang='grc' dir='ltr'><em>καὶ</em></span> <span class='ocrx_word' id='word_1_50' title='bbox 625 698 897 747; x_wconf 77' lang='grc' dir='ltr'><em>μαντεύεσθαι</em></span> <span class='ocrx_word' id='word_1_51' title='bbox 926 697 992 738; x_wconf 77' lang='grc' dir='ltr'><em>τὸν</em></span> <span class='ocrx_word' id='word_1_52' title='bbox 1025 695 1270 737; x_wconf 77' lang='grc' dir='ltr'><em>Ἀπόλλωνα</em></span> <span class='ocrx_word' id='word_1_53' title='bbox 1306 695 1348 736; x_wconf 81' lang='grc' dir='ltr'><em>εἰι</em></span> <span class='ocrx_word' id='word_1_54' title='bbox 1381 698 1450 737; x_wconf 78' lang='grc' dir='ltr'><em>τοῦ</em></span> <span class='ocrx_word' id='word_1_55' title='bbox 1483 694 1665 746; x_wconf 78' lang='grc' dir='ltr'><em>τρίποδος</em></span> 
     </span>
     <span class='ocr_line' id='line_1_8' title="bbox 91 763 1667 825; baseline -0.004 -14"><span class='ocrx_word' id='word_1_56' title='bbox 91 769 158 811; x_wconf 68' lang='grc' dir='ltr'><em>διὰ</em></span> <span class='ocrx_word' id='word_1_57' title='bbox 199 768 244 810; x_wconf 82' lang='grc' dir='ltr'><em>τὸ</em></span> <span class='ocrx_word' id='word_1_58' title='bbox 290 768 396 825; x_wconf 77' lang='grc' dir='ltr'><strong>[καὶ]</strong></span> <span class='ocrx_word' id='word_1_59' title='bbox 443 770 513 817; x_wconf 77' lang='grc' dir='ltr'><em>την</em></span> <span class='ocrx_word' id='word_1_60' title='bbox 558 769 702 819; x_wconf 77' lang='grc' dir='ltr'><em>τριάδα</em></span> <span class='ocrx_word' id='word_1_61' title='bbox 747 772 898 820; x_wconf 81' lang='grc' dir='ltr'><em>πρῶτον</em></span> <span class='ocrx_word' id='word_1_62' title='bbox 939 769 1065 820; x_wconf 79' lang='grc' dir='ltr'><em>φῦναι</em></span> <span class='ocrx_word' id='word_1_63' title='bbox 1109 765 1175 806; x_wconf 80' lang='grc' dir='ltr'><em>τὸν</em></span> <span class='ocrx_word' id='word_1_64' title='bbox 1208 763 1394 817; x_wconf 80' lang='grc' dir='ltr'><em>ἀριθμόν,</em></span> <span class='ocrx_word' id='word_1_65' title='bbox 1423 765 1499 806; x_wconf 84' lang='lat' dir='ltr'>ubi</span> <span class='ocrx_word' id='word_1_66' title='bbox 1532 763 1667 806; x_wconf 79' lang='lat' dir='ltr'>deleto</span> 
     </span>
     <span class='ocr_line' id='line_1_9' title="bbox 93 839 653 890; baseline -0.004 -8"><span class='ocrx_word' id='word_1_67' title='bbox 93 839 163 882; x_wconf 86' lang='grc' dir='ltr'><em>καί</em></span> <span class='ocrx_word' id='word_1_68' title='bbox 196 839 328 881; x_wconf 78' lang='lat' dir='ltr'>scribe</span> <span class='ocrx_word' id='word_1_69' title='bbox 359 843 435 880; x_wconf 79' lang='grc' dir='ltr'><em>τῶν</em></span> <span class='ocrx_word' id='word_1_70' title='bbox 467 839 653 890; x_wconf 81' lang='grc' dir='ltr'><em>ἀριθμῶν.</em></span> 
     </span>
    </p>
   </div>
   <div class='ocr_carea' id='block_1_4' title="bbox 91 972 1669 1174">
    <p class='ocr_par' dir='ltr' id='par_1_4' title="bbox 91 972 1669 1174">
     <span class='ocr_line' id='line_1_10' title="bbox 158 972 1669 1032; baseline -0.004 -12"><span class='ocrx_word' id='word_1_71' title='bbox 158 978 201 1020; x_wconf 80' lang='lat' dir='ltr'><em>[n</em></span> <span class='ocrx_word' id='word_1_72' title='bbox 234 979 256 1032; x_wconf 68' lang='grc' dir='ltr'>ἓ</span> <span class='ocrx_word' id='word_1_73' title='bbox 291 977 387 1019; x_wconf 85' lang='grc'><em>155.</em></span> <span class='ocrx_word' id='word_1_74' title='bbox 423 979 710 1030; x_wconf 83' lang='grc' dir='ltr'><em>κυπαρισσίνην</em></span> <span class='ocrx_word' id='word_1_75' title='bbox 743 978 782 1020; x_wconf 82' lang='grc' dir='ltr'><em>δὲ</em></span> <span class='ocrx_word' id='word_1_76' title='bbox 816 977 873 1027; x_wconf 77' lang='grc' dir='ltr'><em>μη</em></span> <span class='ocrx_word' id='word_1_77' title='bbox 906 977 984 1018; x_wconf 90' lang='grc' dir='ltr'><em>δεῖν</em></span> <span class='ocrx_word' id='word_1_78' title='bbox 1016 973 1396 1026; x_wconf 71' lang='grc' dir='ltr'><em>κατασκευάζεσθαι</em></span> <span class='ocrx_word' id='word_1_79' title='bbox 1423 972 1561 1026; x_wconf 81' lang='grc' dir='ltr'><em>σΩρόν</em></span> <span class='ocrx_word' id='word_1_80' title='bbox 1588 976 1669 1015; x_wconf 75' lang='lat' dir='ltr'>tra-</span> 
     </span>
     <span class='ocr_line' id='line_1_11' title="bbox 91 1048 679 1104; baseline 0.002 -14"><span class='ocrx_word' id='word_1_81' title='bbox 91 1049 233 1090; x_wconf 78' lang='lat' dir='ltr'>laticio</span> <span class='ocrx_word' id='word_1_82' title='bbox 265 1062 398 1091; x_wconf 87' lang='lat' dir='ltr'>errore</span> <span class='ocrx_word' id='word_1_83' title='bbox 430 1062 504 1104; x_wconf 90' lang='lat' dir='ltr'><em>pro</em></span> <span class='ocrx_word' id='word_1_84' title='bbox 537 1048 679 1100; x_wconf 79' lang='grc' dir='ltr'><em>σΟρόν.</em></span> 
     </span>
     <span class='ocr_line' id='line_1_12' title="bbox 153 1116 1640 1174; baseline -0.002 -15"><span class='ocrx_word' id='word_1_85' title='bbox 153 1117 200 1159; x_wconf 93' lang='lat' dir='ltr'><em>In</em></span> <span class='ocrx_word' id='word_1_86' title='bbox 233 1132 321 1174; x_wconf 81' lang='lat' dir='ltr'>sqq.</span> <span class='ocrx_word' id='word_1_87' title='bbox 353 1118 399 1160; x_wconf 88' lang='lat' dir='ltr'><em>F.</em></span> <span class='ocrx_word' id='word_1_88' title='bbox 433 1118 635 1172; x_wconf 82' lang='grc' dir='ltr'><em>διοσκόρων</em></span> <span class='ocrx_word' id='word_1_89' title='bbox 669 1122 710 1160; x_wconf 81' lang='lat' dir='ltr'><em>et</em></span> <span class='ocrx_word' id='word_1_90' title='bbox 743 1118 959 1170; x_wconf 83' lang='grc' dir='ltr'><em>διοσκόρους</em></span> <span class='ocrx_word' id='word_1_91' title='bbox 992 1122 1033 1159; x_wconf 88' lang='lat' dir='ltr'><em>et</em></span> <span class='ocrx_word' id='word_1_92' title='bbox 1066 1118 1310 1167; x_wconf 78' lang='grc' dir='ltr'><em>ὑμνοῦντΑΟ</em></span> <span class='ocrx_word' id='word_1_93' title='bbox 1343 1117 1408 1157; x_wconf 83' lang='grc' dir='ltr'><em>τὸν</em></span> <span class='ocrx_word' id='word_1_94' title='bbox 1439 1116 1640 1168; x_wconf 70' lang='grc' dir='ltr'><em>ἀρχηγόν.</em></span> 
     </span>
    </p>
   </div>
   <div class='ocr_carea' id='block_1_5' title="bbox 96 1257 1672 1594">
    <p class='ocr_par' dir='ltr' id='par_1_5' title="bbox 155 1257 1061 1314">
     <span class='ocr_line' id='line_1_13' title="bbox 155 1257 1061 1314; baseline -0.002 -15"><span class='ocrx_word' id='word_1_95' title='bbox 155 1257 202 1299; x_wconf 89' lang='lat' dir='ltr'><em>In</em></span> <span class='ocrx_word' id='word_1_96' title='bbox 235 1259 258 1312; x_wconf 66' lang='grc' dir='ltr'>ξ</span> <span class='ocrx_word' id='word_1_97' title='bbox 293 1257 390 1300; x_wconf 80' lang='grc'><em>156.</em></span> <span class='ocrx_word' id='word_1_98' title='bbox 422 1272 496 1314; x_wconf 85' lang='lat' dir='ltr'><em>pro</em></span> <span class='ocrx_word' id='word_1_99' title='bbox 528 1259 608 1300; x_wconf 90' lang='grc' dir='ltr'><em>δεῖν</em></span> <span class='ocrx_word' id='word_1_100' title='bbox 641 1257 720 1310; x_wconf 76' lang='grc' dir='ltr'><em>ἔφη</em></span> <span class='ocrx_word' id='word_1_101' title='bbox 753 1257 798 1299; x_wconf 89' lang='lat' dir='ltr'><em>F.</em></span> <span class='ocrx_word' id='word_1_102' title='bbox 833 1257 913 1298; x_wconf 84' lang='grc' dir='ltr'><em>δεῖν</em></span> <span class='ocrx_word' id='word_1_103' title='bbox 945 1257 1061 1309; x_wconf 78' lang='grc' dir='ltr'><em>φησί.</em></span> 
     </span>
    </p>

    <p class='ocr_par' dir='ltr' id='par_1_6' title="bbox 96 1325 1672 1524">
     <span class='ocr_line' id='line_1_14' title="bbox 157 1325 1672 1383; baseline -0.003 -13"><span class='ocrx_word' id='word_1_104' title='bbox 157 1328 259 1370; x_wconf 81' lang='lat' dir='ltr'>Post</span> <span class='ocrx_word' id='word_1_105' title='bbox 289 1341 447 1383; x_wconf 82' lang='lat' dir='ltr'>pauca:</span> <span class='ocrx_word' id='word_1_106' title='bbox 482 1330 527 1371; x_wconf 82' lang='grc' dir='ltr'><em>τὸ</em></span> <span class='ocrx_word' id='word_1_107' title='bbox 560 1330 633 1379; x_wconf 78' lang='grc' dir='ltr'><em>μὲν</em></span> <span class='ocrx_word' id='word_1_108' title='bbox 667 1328 792 1378; x_wconf 76' lang='grc' dir='ltr'><em>δεξιὸν</em></span> <span class='ocrx_word' id='word_1_109' title='bbox 823 1328 954 1380; x_wconf 67' lang='grc' dir='ltr'><em>ἀρχὴν</em></span> <span class='ocrx_word' id='word_1_110' title='bbox 987 1330 1057 1369; x_wconf 81' lang='grc' dir='ltr'><em>τοῦ</em></span> <span class='ocrx_word' id='word_1_111' title='bbox 1091 1330 1276 1379; x_wconf 77' lang='grc' dir='ltr'><em>περιττοῦ</em></span> <span class='ocrx_word' id='word_1_112' title='bbox 1298 1325 1594 1375; x_wconf 78' lang='grc' dir='ltr'><em>-τιθέμενος,</em></span> <span class='ocrx_word' id='word_1_113' title='bbox 1627 1325 1672 1367; x_wconf 82' lang='grc' dir='ltr'><em>τὸ</em></span> 
     </span>
     <span class='ocr_line' id='line_1_15' title="bbox 97 1395 1672 1452; baseline -0.001 -13"><span class='ocrx_word' id='word_1_114' title='bbox 97 1399 137 1439; x_wconf 79' lang='grc' dir='ltr'><em>δὲ</em></span> <span class='ocrx_word' id='word_1_115' title='bbox 183 1400 357 1452; x_wconf 79' lang='grc' dir='ltr'><em>ἀριςερὸν</em></span> <span class='ocrx_word' id='word_1_116' title='bbox 391 1403 460 1441; x_wconf 78' lang='grc' dir='ltr'><em>τοῦ</em></span> <span class='ocrx_word' id='word_1_117' title='bbox 501 1398 937 1452; x_wconf 78' lang='grc' dir='ltr'><em>ἀρτίου-σύμβολον</em></span> <span class='ocrx_word' id='word_1_118' title='bbox 979 1398 1192 1448; x_wconf 84' lang='grc' dir='ltr'><em>τιθέμενος.</em></span> <span class='ocrx_word' id='word_1_119' title='bbox 1256 1397 1351 1439; x_wconf 91' lang='lat' dir='ltr'><em>Non</em></span> <span class='ocrx_word' id='word_1_120' title='bbox 1392 1399 1529 1452; x_wconf 83' lang='lat' dir='ltr'>potest</span> <span class='ocrx_word' id='word_1_121' title='bbox 1569 1395 1672 1438; x_wconf 89' lang='grc' dir='ltr'><em>τιθέ-</em></span> 
     </span>
     <span class='ocr_line' id='line_1_16' title="bbox 96 1465 1641 1524; baseline -0.002 -14"><span class='ocrx_word' id='word_1_122' title='bbox 96 1485 210 1519; x_wconf 83' lang='grc' dir='ltr'><em>μενος</em></span> <span class='ocrx_word' id='word_1_123' title='bbox 242 1473 329 1512; x_wconf 86' lang='lat' dir='ltr'><em>tam</em></span> <span class='ocrx_word' id='word_1_124' title='bbox 364 1471 606 1513; x_wconf 79' lang='lat' dir='ltr'>inconcinne</span> <span class='ocrx_word' id='word_1_125' title='bbox 639 1471 797 1512; x_wconf 88' lang='lat' dir='ltr'>iterari.</span> <span class='ocrx_word' id='word_1_126' title='bbox 860 1469 941 1510; x_wconf 91' lang='lat' dir='ltr'><em>Pro</em></span> <span class='ocrx_word' id='word_1_127' title='bbox 973 1468 1150 1510; x_wconf 83' lang='lat' dir='ltr'>secundo</span> <span class='ocrx_word' id='word_1_128' title='bbox 1182 1467 1362 1524; x_wconf 84' lang='lat' dir='ltr'>legerim</span> <span class='ocrx_word' id='word_1_129' title='bbox 1395 1465 1641 1517; x_wconf 81' lang='grc' dir='ltr'><em>ποιούμενος.</em></span> 
     </span>
    </p>

    <p class='ocr_par' dir='ltr' id='par_1_7' title="bbox 154 1538 1364 1594">
     <span class='ocr_line' id='line_1_17' title="bbox 154 1538 1364 1594; baseline 0 -13"><span class='ocrx_word' id='word_1_130' title='bbox 154 1539 202 1581; x_wconf 90' lang='lat' dir='ltr'><em>In</em></span> <span class='ocrx_word' id='word_1_131' title='bbox 234 1539 313 1582; x_wconf 90' lang='lat' dir='ltr'>fine</span> <span class='ocrx_word' id='word_1_132' title='bbox 346 1542 381 1594; x_wconf 69' lang='grc' dir='ltr'><em>ξ.</em></span> <span class='ocrx_word' id='word_1_133' title='bbox 416 1541 461 1583; x_wconf 83' lang='lat' dir='ltr'><em>F.</em></span> <span class='ocrx_word' id='word_1_134' title='bbox 495 1545 606 1582; x_wconf 87' lang='lat' dir='ltr'>recte</span> <span class='ocrx_word' id='word_1_135' title='bbox 638 1541 826 1590; x_wconf 84' lang='grc' dir='ltr'><em>παύομαι</em></span> <span class='ocrx_word' id='word_1_136' title='bbox 857 1538 990 1590; x_wconf 72' lang='grc' dir='ltr'><em>λέγων</em></span> <span class='ocrx_word' id='word_1_137' title='bbox 1020 1552 1094 1593; x_wconf 89' lang='lat' dir='ltr'><em>pro</em></span> <span class='ocrx_word' id='word_1_138' title='bbox 1127 1538 1364 1588; x_wconf 88' lang='grc' dir='ltr'><em>πέπαυμαι.</em></span> 
     </span>
    </p>
   </div>
   <div class='ocr_carea' id='block_1_6' title="bbox 96 1676 1674 1944">
    <p class='ocr_par' dir='ltr' id='par_1_8' title="bbox 96 1676 1674 1944">
     <span class='ocr_line' id='line_1_18' title="bbox 155 1676 1674 1735; baseline -0.003 -13"><span class='ocrx_word' id='word_1_139' title='bbox 155 1680 202 1722; x_wconf 90' lang='lat' dir='ltr'><em>In</em></span> <span class='ocrx_word' id='word_1_140' title='bbox 246 1682 268 1735; x_wconf 70' lang='grc' dir='ltr'>ξ</span> <span class='ocrx_word' id='word_1_141' title='bbox 311 1680 408 1724; x_wconf 81' lang='grc'><em>157.</em></span> <span class='ocrx_word' id='word_1_142' title='bbox 454 1681 539 1733; x_wconf 77' lang='grc' dir='ltr'><em>περὶ</em></span> <span class='ocrx_word' id='word_1_143' title='bbox 585 1679 746 1722; x_wconf 68' lang='grc' dir='ltr'><em>πάντων</em></span> <span class='ocrx_word' id='word_1_144' title='bbox 790 1678 940 1732; x_wconf 78' lang='grc' dir='ltr'><em>ἔχοντα</em></span> <span class='ocrx_word' id='word_1_145' title='bbox 983 1684 1053 1727; x_wconf 74' lang='grc' dir='ltr'><em>τῆς</em></span> <span class='ocrx_word' id='word_1_146' title='bbox 1098 1678 1306 1726; x_wconf 88' lang='grc' dir='ltr'><em>ἀληθειάς.</em></span> <span class='ocrx_word' id='word_1_147' title='bbox 1370 1677 1482 1719; x_wconf 84' lang='lat' dir='ltr'>Bene</span> <span class='ocrx_word' id='word_1_148' title='bbox 1519 1676 1566 1718; x_wconf 88' lang='lat' dir='ltr'><em>F.</em></span> <span class='ocrx_word' id='word_1_149' title='bbox 1602 1677 1674 1725; x_wconf 80' lang='grc' dir='ltr'><em>την</em></span> 
     </span>
     <span class='ocr_line' id='line_1_19' title="bbox 96 1741 1672 1807; baseline -0.003 -15"><span class='ocrx_word' id='word_1_150' title='bbox 96 1741 179 1797; x_wconf 66' lang='grc' dir='ltr'><em>ἀλῆ</em></span> <span class='ocrx_word' id='word_1_151' title='bbox 226 1752 466 1807; x_wconf 74' lang='grc' dir='ltr'><em>(ἀληθειαν).</em></span> <span class='ocrx_word' id='word_1_152' title='bbox 511 1755 552 1792; x_wconf 78' lang='lat' dir='ltr'>et.</span> <span class='ocrx_word' id='word_1_153' title='bbox 585 1750 800 1803; x_wconf 67' lang='grc' dir='ltr'><em>ςρογγύλα</em></span> <span class='ocrx_word' id='word_1_154' title='bbox 834 1750 948 1800; x_wconf 66' lang='grc' dir='ltr'><em>παρὰ</em></span> <span class='ocrx_word' id='word_1_155' title='bbox 979 1750 1034 1791; x_wconf 76' lang='grc' dir='ltr'><em>τά</em></span> <span class='ocrx_word' id='word_1_156' title='bbox 1069 1748 1184 1791; x_wconf 75' lang='grc' dir='ltr'><em>ἄλλα</em></span> <span class='ocrx_word' id='word_1_157' title='bbox 1218 1748 1356 1790; x_wconf 83' lang='grc' dir='ltr'><em>πάντα</em></span> <span class='ocrx_word' id='word_1_158' title='bbox 1389 1761 1463 1802; x_wconf 87' lang='lat' dir='ltr'><em>pro</em></span> <span class='ocrx_word' id='word_1_159' title='bbox 1495 1747 1582 1798; x_wconf 79' lang='grc' dir='ltr'><em>περὶ</em></span> <span class='ocrx_word' id='word_1_160' title='bbox 1617 1747 1672 1788; x_wconf 70' lang='grc' dir='ltr'><em>τοὶ</em></span> 
     </span>
     <span class='ocr_line' id='line_1_20' title="bbox 97 1817 1674 1874; baseline -0.003 -11"><span class='ocrx_word' id='word_1_161' title='bbox 97 1820 236 1869; x_wconf 71' lang='grc' dir='ltr'><em>ἄλλα,</em></span> <span class='ocrx_word' id='word_1_162' title='bbox 282 1826 323 1863; x_wconf 82' lang='lat' dir='ltr'><em>et</em></span> <span class='ocrx_word' id='word_1_163' title='bbox 365 1822 646 1873; x_wconf 87' lang='grc' dir='ltr'><em>προσπνέοντΑ</em></span> <span class='ocrx_word' id='word_1_164' title='bbox 690 1825 730 1863; x_wconf 82' lang='lat' dir='ltr'><em>et</em></span> <span class='ocrx_word' id='word_1_165' title='bbox 772 1821 865 1871; x_wconf 87' lang='grc' dir='ltr'><em>μετ’</em></span> <span class='ocrx_word' id='word_1_166' title='bbox 908 1821 1108 1870; x_wconf 74' lang='grc' dir='ltr'><em>ἐπιςήμης</em></span> <span class='ocrx_word' id='word_1_167' title='bbox 1153 1825 1227 1860; x_wconf 79' lang='grc' dir='ltr'><em>ΔΕ</em></span> <span class='ocrx_word' id='word_1_168' title='bbox 1270 1818 1495 1868; x_wconf 86' lang='grc' dir='ltr'><em>δαιμονίας.</em></span> <span class='ocrx_word' id='word_1_169' title='bbox 1541 1817 1674 1874; x_wconf 83' lang='lat' dir='ltr'>vulgo</span> 
     </span>
     <span class='ocr_line' id='line_1_21' title="bbox 96 1891 873 1944; baseline -0.001 -10"><span class='ocrx_word' id='word_1_170' title='bbox 96 1892 379 1944; x_wconf 84' lang='grc' dir='ltr'><em>προσπνέοντος</em></span> <span class='ocrx_word' id='word_1_171' title='bbox 414 1896 455 1933; x_wconf 91' lang='lat' dir='ltr'><em>et</em></span> <span class='ocrx_word' id='word_1_172' title='bbox 486 1891 527 1934; x_wconf 79' lang='grc' dir='ltr'><em>δέ</em></span> <span class='ocrx_word' id='word_1_173' title='bbox 559 1894 764 1934; x_wconf 85' lang='lat' dir='ltr'>omissum</span> <span class='ocrx_word' id='word_1_174' title='bbox 797 1899 873 1933; x_wconf 81' lang='lat' dir='ltr'>est.</span> 
     </span>
    </p>
   </div>
   <div class='ocr_carea' id='block_1_7' title="bbox 97 2028 1680 2706">
    <p class='ocr_par' dir='ltr' id='par_1_9' title="bbox 97 2028 1678 2362">
     <span class='ocr_line' id='line_1_22' title="bbox 156 2028 1672 2087; baseline -0.002 -14"><span class='ocrx_word' id='word_1_175' title='bbox 156 2031 204 2073; x_wconf 90' lang='lat' dir='ltr'><em>In</em></span> <span class='ocrx_word' id='word_1_176' title='bbox 253 2032 272 2087; x_wconf 64' lang='grc' dir='ltr'><strong>ἓ</strong></span> <span class='ocrx_word' id='word_1_177' title='bbox 324 2030 423 2074; x_wconf 82' lang='lat'>157.</span> <span class='ocrx_word' id='word_1_178' title='bbox 471 2031 669 2074; x_wconf 79' lang='lat' dir='ltr'>laudatur</span> <span class='ocrx_word' id='word_1_179' title='bbox 717 2030 1128 2073; x_wconf 75' lang='lat' dir='ltr'>Commentariorum</span> <span class='ocrx_word' id='word_1_180' title='bbox 1179 2031 1273 2073; x_wconf 81' lang='grc' dir='ltr'><em>(τῶν</em></span> <span class='ocrx_word' id='word_1_181' title='bbox 1327 2028 1672 2084; x_wconf 69' lang='grc' dir='ltr'><em>ὑπομνημάτων),</em></span> 
     </span>
     <span class='ocr_line' id='line_1_23' title="bbox 97 2099 1677 2160; baseline -0.001 -16"><span class='ocrx_word' id='word_1_182' title='bbox 97 2102 249 2157; x_wconf 88' lang='lat' dir='ltr'>quibus</span> <span class='ocrx_word' id='word_1_183' title='bbox 297 2101 557 2160; x_wconf 80' lang='lat' dir='ltr'>Pythagorei</span> <span class='ocrx_word' id='word_1_184' title='bbox 599 2102 849 2152; x_wconf 84' lang='lat' dir='ltr'>utebantur,</span> <span class='ocrx_word' id='word_1_185' title='bbox 893 2100 1016 2143; x_wconf 82' lang='lat' dir='ltr'>stilus</span> <span class='ocrx_word' id='word_1_186' title='bbox 1058 2104 1100 2143; x_wconf 87' lang='lat' dir='ltr'><em>et</em></span> <span class='ocrx_word' id='word_1_187' title='bbox 1141 2101 1286 2142; x_wconf 88' lang='lat' dir='ltr'>oratio.</span> <span class='ocrx_word' id='word_1_188' title='bbox 1350 2099 1559 2141; x_wconf 79' lang='lat' dir='ltr'>Dicuntur</span> <span class='ocrx_word' id='word_1_189' title='bbox 1589 2113 1677 2142; x_wconf 82' lang='lat' dir='ltr'>esse</span> 
     </span>
     <span class='ocr_line' id='line_1_24' title="bbox 101 2169 1678 2225; baseline -0.003 -11"><span class='ocrx_word' id='word_1_190' title='bbox 101 2172 274 2225; x_wconf 66' lang='grc' dir='ltr'><em>περισσοὶ</em></span> <span class='ocrx_word' id='word_1_191' title='bbox 309 2171 518 2224; x_wconf 76' lang='grc' dir='ltr'><em>ἐξαιρέτως</em></span> <span class='ocrx_word' id='word_1_192' title='bbox 555 2170 649 2222; x_wconf 75' lang='grc' dir='ltr'><em>ἅμα</em></span> <span class='ocrx_word' id='word_1_193' title='bbox 682 2171 749 2214; x_wconf 78' lang='grc' dir='ltr'><em>καὶ</em></span> <span class='ocrx_word' id='word_1_194' title='bbox 784 2173 986 2220; x_wconf 77' lang='grc' dir='ltr'><em>ἀνελλιπῆ</em></span> <span class='ocrx_word' id='word_1_195' title='bbox 1020 2177 1068 2224; x_wconf 71' lang='grc' dir='ltr'><em>τῇ</em></span> <span class='ocrx_word' id='word_1_196' title='bbox 1103 2169 1264 2223; x_wconf 71' lang='grc' dir='ltr'><em>φράσει.</em></span> <span class='ocrx_word' id='word_1_197' title='bbox 1313 2170 1448 2211; x_wconf 82' lang='lat' dir='ltr'>Periit</span> <span class='ocrx_word' id='word_1_198' title='bbox 1479 2183 1563 2211; x_wconf 86' lang='lat' dir='ltr'><em>una</em></span> <span class='ocrx_word' id='word_1_199' title='bbox 1589 2173 1678 2212; x_wconf 86' lang='lat' dir='ltr'>tan-</span> 
     </span>
     <span class='ocr_line' id='line_1_25' title="bbox 98 2239 1674 2299; baseline -0.002 -15"><span class='ocrx_word' id='word_1_200' title='bbox 98 2246 193 2284; x_wconf 88' lang='lat' dir='ltr'><em>tum</em></span> <span class='ocrx_word' id='word_1_201' title='bbox 235 2241 429 2297; x_wconf 82' lang='lat' dir='ltr'>literula,</span> <span class='ocrx_word' id='word_1_202' title='bbox 475 2243 547 2284; x_wconf 82' lang='lat' dir='ltr'>sed</span> <span class='ocrx_word' id='word_1_203' title='bbox 589 2243 736 2299; x_wconf 85' lang='lat' dir='ltr'>magni</span> <span class='ocrx_word' id='word_1_204' title='bbox 778 2243 1007 2291; x_wconf 78' lang='lat' dir='ltr'>momenti,</span> <span class='ocrx_word' id='word_1_205' title='bbox 1043 2254 1142 2283; x_wconf 86' lang='lat' dir='ltr'>nam</span> <span class='ocrx_word' id='word_1_206' title='bbox 1176 2241 1394 2295; x_wconf 81' lang='lat' dir='ltr'>scripserat</span> <span class='ocrx_word' id='word_1_207' title='bbox 1425 2239 1674 2292; x_wconf 87' lang='grc' dir='ltr'><em>Ἀπέρισσα,</em></span> 
     </span>
     <span class='ocr_line' id='line_1_26' title="bbox 99 2311 1444 2362; baseline -0.002 -8"><span class='ocrx_word' id='word_1_208' title='bbox 99 2315 146 2354; x_wconf 71' lang='lat' dir='ltr'>ut</span> <span class='ocrx_word' id='word_1_209' title='bbox 179 2315 381 2362; x_wconf 75' lang='grc' dir='ltr'><em>ἀνελλιπῆ</em></span> <span class='ocrx_word' id='word_1_210' title='bbox 391 2347 397 2355; x_wconf 94' lang='grc'><em>.</em></span> <span class='ocrx_word' id='word_1_211' title='bbox 463 2312 586 2355; x_wconf 82' lang='lat' dir='ltr'>Nihil</span> <span class='ocrx_word' id='word_1_212' title='bbox 616 2313 861 2354; x_wconf 74' lang='lat' dir='ltr'><em>redundabat</em></span> <span class='ocrx_word' id='word_1_213' title='bbox 895 2316 936 2355; x_wconf 81' lang='lat' dir='ltr'><em>et</em></span> <span class='ocrx_word' id='word_1_214' title='bbox 967 2311 1077 2354; x_wconf 83' lang='lat' dir='ltr'>nihil</span> <span class='ocrx_word' id='word_1_215' title='bbox 1109 2314 1197 2353; x_wconf 83' lang='lat' dir='ltr'>erat</span> <span class='ocrx_word' id='word_1_216' title='bbox 1223 2313 1444 2353; x_wconf 87' lang='lat' dir='ltr'>omissum.</span> 
     </span>
    </p>

    <p class='ocr_par' dir='ltr' id='par_1_10' title="bbox 98 2381 1680 2706">
     <span class='ocr_line' id='line_1_27' title="bbox 161 2381 1676 2439; baseline -0.003 -13"><span class='ocrx_word' id='word_1_217' title='bbox 161 2382 422 2439; x_wconf 80' lang='lat' dir='ltr'>Quicumque</span> <span class='ocrx_word' id='word_1_218' title='bbox 449 2384 551 2426; x_wconf 84' lang='lat' dir='ltr'>haec</span> <span class='ocrx_word' id='word_1_219' title='bbox 578 2385 743 2439; x_wconf 79' lang='lat' dir='ltr'>scripsit</span> <span class='ocrx_word' id='word_1_220' title='bbox 771 2384 815 2424; x_wconf 90' lang='lat' dir='ltr'>in</span> <span class='ocrx_word' id='word_1_221' title='bbox 842 2382 1087 2425; x_wconf 80' lang='lat' dir='ltr'>celebranda</span> <span class='ocrx_word' id='word_1_222' title='bbox 1108 2382 1261 2424; x_wconf 88' lang='lat' dir='ltr'>horum</span> <span class='ocrx_word' id='word_1_223' title='bbox 1278 2381 1676 2423; x_wconf 85' lang='lat' dir='ltr'>commentariorum</span> 
     </span>
     <span class='ocr_line' id='line_1_28' title="bbox 98 2450 1676 2509; baseline -0.003 -13"><span class='ocrx_word' id='word_1_224' title='bbox 98 2455 353 2509; x_wconf 79' lang='lat' dir='ltr'>praestantia</span> <span class='ocrx_word' id='word_1_225' title='bbox 383 2456 444 2496; x_wconf 87' lang='lat' dir='ltr'><em>ita</em></span> <span class='ocrx_word' id='word_1_226' title='bbox 474 2454 651 2496; x_wconf 83' lang='lat' dir='ltr'>modum</span> <span class='ocrx_word' id='word_1_227' title='bbox 684 2454 858 2496; x_wconf 77' lang='lat' dir='ltr'>excessit</span> <span class='ocrx_word' id='word_1_228' title='bbox 891 2456 938 2494; x_wconf 91' lang='lat' dir='ltr'>ut</span> <span class='ocrx_word' id='word_1_229' title='bbox 969 2454 1102 2494; x_wconf 86' lang='lat' dir='ltr'>risum</span> <span class='ocrx_word' id='word_1_230' title='bbox 1133 2455 1321 2499; x_wconf 84' lang='lat' dir='ltr'>moveat,</span> <span class='ocrx_word' id='word_1_231' title='bbox 1355 2450 1491 2494; x_wconf 87' lang='lat' dir='ltr'>veluti</span> <span class='ocrx_word' id='word_1_232' title='bbox 1524 2451 1547 2505; x_wconf 68' lang='grc' dir='ltr'>ξ</span> <span class='ocrx_word' id='word_1_233' title='bbox 1578 2450 1676 2492; x_wconf 85' lang='grc'><em>158.</em></span> 
     </span>
     <span class='ocr_line' id='line_1_29' title="bbox 101 2521 1677 2574; baseline -0.001 -10"><span class='ocrx_word' id='word_1_234' title='bbox 101 2521 199 2570; x_wconf 73' lang='grc' dir='ltr'><em>ὅλως</em></span> <span class='ocrx_word' id='word_1_235' title='bbox 241 2523 349 2566; x_wconf 82' lang='grc' dir='ltr'><em>οὐδέν</em></span> <span class='ocrx_word' id='word_1_236' title='bbox 391 2524 474 2569; x_wconf 81' lang='grc' dir='ltr'><em>ε’ςιν</em></span> <span class='ocrx_word' id='word_1_237' title='bbox 511 2525 564 2571; x_wconf 77' lang='grc' dir='ltr'><em>εἰς</em></span> <span class='ocrx_word' id='word_1_238' title='bbox 598 2528 743 2574; x_wconf 73' lang='grc' dir='ltr'><em>γνῶσιν</em></span> <span class='ocrx_word' id='word_1_239' title='bbox 777 2524 968 2570; x_wconf 83' lang='grc' dir='ltr'><em>ε’ληλυθὸς</em></span> <span class='ocrx_word' id='word_1_240' title='bbox 1003 2522 1089 2574; x_wconf 77' lang='grc' dir='ltr'><em>περ)</em></span> <span class='ocrx_word' id='word_1_241' title='bbox 1123 2523 1280 2564; x_wconf 81' lang='grc' dir='ltr'><em>ὁτουοῦν</em></span> <span class='ocrx_word' id='word_1_242' title='bbox 1312 2522 1406 2574; x_wconf 86' lang='grc' dir='ltr'><em>παρ’</em></span> <span class='ocrx_word' id='word_1_243' title='bbox 1440 2522 1677 2573; x_wconf 82' lang='grc' dir='ltr'><em>ἀνθρώποις,</em></span> 
     </span>
     <span class='ocr_line' id='line_1_30' title="bbox 102 2588 1680 2649; baseline -0.001 -15"><span class='ocrx_word' id='word_1_244' title='bbox 102 2588 119 2634; x_wconf 77' lang='grc' dir='ltr'>ὃ</span> <span class='ocrx_word' id='word_1_245' title='bbox 161 2593 218 2644; x_wconf 77' lang='grc' dir='ltr'><em>μη</em></span> <span class='ocrx_word' id='word_1_246' title='bbox 250 2595 290 2636; x_wconf 82' lang='grc' dir='ltr'><em>ἐν</em></span> <span class='ocrx_word' id='word_1_247' title='bbox 321 2599 402 2642; x_wconf 91' lang='grc' dir='ltr'><em>τοῖς</em></span> <span class='ocrx_word' id='word_1_248' title='bbox 437 2595 746 2647; x_wconf 69' lang='grc' dir='ltr'><em>συγγράμμασι</em></span> <span class='ocrx_word' id='word_1_249' title='bbox 782 2593 936 2640; x_wconf 85' lang='grc' dir='ltr'><em>τούτοις</em></span> <span class='ocrx_word' id='word_1_250' title='bbox 969 2594 1244 2646; x_wconf 76' lang='grc' dir='ltr'><em>διηκρίβωται.</em></span> <span class='ocrx_word' id='word_1_251' title='bbox 1308 2593 1590 2649; x_wconf 76' lang='lat' dir='ltr'>Agnoscimus</span> <span class='ocrx_word' id='word_1_252' title='bbox 1621 2592 1680 2634; x_wconf 83' lang='lat' dir='ltr'><em>fa-</em></span> 
     </span>
     <span class='ocr_line' id='line_1_31' title="bbox 100 2664 304 2706; baseline 0.01 -2"><span class='ocrx_word' id='word_1_253' title='bbox 100 2664 304 2706; x_wconf 85' lang='lat' dir='ltr'>naticum.</span> 
     </span>
    </p>
   </div>
   <div class='ocr_carea' id='block_1_8' title="bbox 106 2800 1682 2930">
    <p class='ocr_par' dir='ltr' id='par_1_11' title="bbox 106 2800 1682 2930">
     <span class='ocr_line' id='line_1_32' title="bbox 163 2800 1682 2860; baseline -0.001 -15"><span class='ocrx_word' id='word_1_254' title='bbox 163 2800 211 2842; x_wconf 90' lang='lat' dir='ltr'><em>In</em></span> <span class='ocrx_word' id='word_1_255' title='bbox 242 2803 264 2857; x_wconf 77' lang='lat'>§</span> <span class='ocrx_word' id='word_1_256' title='bbox 300 2803 397 2847; x_wconf 83' lang='lat'><em>158.</em></span> <span class='ocrx_word' id='word_1_257' title='bbox 430 2804 477 2848; x_wconf 90' lang='lat' dir='ltr'><em>F.</em></span> <span class='ocrx_word' id='word_1_258' title='bbox 512 2804 572 2848; x_wconf 73' lang='grc' dir='ltr'><em>ὅτι</em></span> <span class='ocrx_word' id='word_1_259' title='bbox 606 2804 841 2857; x_wconf 68' lang='grc' dir='ltr'><em>πυθαγόρας</em></span> <span class='ocrx_word' id='word_1_260' title='bbox 873 2803 1009 2853; x_wconf 83' lang='grc' dir='ltr'><em>πάσης</em></span> <span class='ocrx_word' id='word_1_261' title='bbox 1043 2804 1193 2857; x_wconf 81' lang='grc' dir='ltr'><em>σοφίας</em></span> <span class='ocrx_word' id='word_1_262' title='bbox 1221 2802 1405 2855; x_wconf 84' lang='grc' dir='ltr'><em>ἔμπειρος</em></span> <span class='ocrx_word' id='word_1_263' title='bbox 1435 2801 1493 2852; x_wconf 77' lang='grc' dir='ltr'><em>ἦν.</em></span> <span class='ocrx_word' id='word_1_264' title='bbox 1541 2801 1682 2860; x_wconf 78' lang='lat' dir='ltr'>Vulgo</span> 
     </span>
     <span class='ocr_line' id='line_1_33' title="bbox 106 2871 1409 2930; baseline -0.006 -7"><span class='ocrx_word' id='word_1_265' title='bbox 106 2871 339 2924; x_wconf 63' lang='lat' dir='ltr'><em>⁷²’v5049‘0&#39;pxc</em></span> <span class='ocrx_word' id='word_1_266' title='bbox 373 2876 599 2919; x_wconf 88' lang='lat' dir='ltr'>omittitur.</span> <span class='ocrx_word' id='word_1_267' title='bbox 634 2880 676 2918; x_wconf 90' lang='lat' dir='ltr'><em>et</em></span> <span class='ocrx_word' id='word_1_268' title='bbox 707 2875 891 2927; x_wconf 71' lang='grc' dir='ltr'><em>ἀνάγκην</em></span> <span class='ocrx_word' id='word_1_269' title='bbox 927 2874 1065 2928; x_wconf 81' lang='grc' dir='ltr'><em>ἔχουσι</em></span> <span class='ocrx_word' id='word_1_270' title='bbox 1098 2888 1171 2930; x_wconf 90' lang='lat' dir='ltr'><em>pro</em></span> <span class='ocrx_word' id='word_1_271' title='bbox 1203 2873 1409 2927; x_wconf 81' lang='grc' dir='ltr'><em>ἀνέχουσι.</em></span> 
     </span>
    </p>
   </div>
  </div>
 </body>
</html>
