1946 3298
967 231 1052 275 100

282 360 386 419 Pag.
430 360 525 404 183.
574 359 642 403 16.
676 358 767 402 οἶδα
800 359 868 401 καὶ
905 358 1000 411 ὑπὲρ
1035 361 1110 399 τῶν
1143 360 1390 409 ςρατιωτῶν,
1429 355 1558 408 ὥσπερ
1592 355 1686 407 ὑπὲρ
1718 358 1795 397 τῶν

221 431 513 484 βουλευόντων,
559 430 759 479 ςενοέξας,
798 430 884 472 οὐδὲ
923 429 1111 472 τούτΩΝ
1145 427 1235 474 ἴσως
1270 428 1438 476 ἀδίκως,
1475 427 1694 470 πεινώντων
1726 425 1794 468 καὶ

221 503 446 557 ῥιγούντων.
519 502 734 545 Sententia
780 500 964 556 postulat
1011 501 1096 542 οὐδὲ
1145 502 1281 541 τοῦτο
1332 498 1437 546 ἴσως.
1511 498 1700 549 Scribas,
1748 501 1797 540 ut

221 575 379 630 solent,
412 576 563 618 vicinis
595 571 975 615 accommodarunt.

280 716 385 772 Pag.
431 714 530 757 185.
576 713 618 755 2.
662 714 799 755 exime
843 711 1180 753 additamentum
1225 725 1246 753 e
1288 712 1451 754 verbis:
1496 712 1526 753 εἱ
1567 712 1606 754 δὲ
1638 711 1699 754 δεῖ
1728 708 1796 751 καὶ

218 787 305 840 περὶ
337 791 411 828 τῶν
443 785 499 828 τοὶ
533 783 616 831 ἔθνη
651 782 891 825 διοικούντων
928 782 1167 839 [οέρχόντων]
1200 783 1351 833 εἰπεῖν,
1378 781 1592 825 '’⁴HPXON
1627 783 1659 824 οἱ
1695 780 1796 833 βέλ-

222 875 322 902 τιςοι
356 857 564 910 κριθέντες.
631 855 682 897 Οἱ
716 854 772 895 τα
809 852 893 901 ἔθνη
927 854 1161 900 διοικοῦντες
1195 858 1292 895 sunt
1325 855 1356 895 οἱ
1390 853 1609 906 ἄρχοντες,
1638 855 1795 909 opinor,

223 933 264 973 et
296 943 355 985 sq.
390 926 510 981 ἦρχον
540 925 788 982 praecedens
820 924 1026 978 αρχόντων
1057 924 1180 980 plane
1211 924 1475 968 intolerabile
1507 925 1620 967 facit.

281 1072 386 1128 Pag.
438 1069 536 1112 185.
593 1067 632 1110 8.
690 1065 1000 1119 μεταςρέφεται
1048 1065 1087 1108 δὲ
1135 1071 1381 1118 περισκοπῶν
1427 1067 1484 1117 μὴ
1533 1068 1574 1109 οὐ
1622 1064 1798 1112 πολλοὺς

223 1143 400 1195 οὶπέχΗΙ
446 1140 605 1186 ςαδιόυς
650 1139 666 1180 0‘
712 1136 1004 1187 διαδεξόμενος.
1068 1136 1176 1180 Vera
1216 1137 1341 1180 lectio
1379 1142 1441 1180 est
1473 1137 1668 1190 ἀπέχΕΙ,
1703 1137 1801 1192 quia

223 1228 270 1257 eo
300 1227 424 1256 sensu
454 1212 511 1263 μή
546 1225 643 1253 cum
674 1210 904 1252 indicativo
938 1210 1206 1251 construitur.
1271 1208 1402 1265 Saepe
1433 1210 1478 1251 in
1510 1209 1667 1251 talibus
1703 1209 1800 1250 scri—

224 1286 297 1328 bae
337 1287 508 1340 peccant
549 1282 795 1338 praesertim
836 1279 946 1335 apud
988 1279 1223 1322 Platonem.
1287 1278 1411 1322 Certa
1452 1279 1528 1322 lux
1570 1295 1621 1322 ex
1666 1279 1801 1336 poetis

226 1355 421 1412 affulget,
455 1357 505 1396 ut
536 1355 581 1395 in
611 1351 837 1394 Phoenissis
869 1365 930 1393 vs.
964 1349 1035 1393 92.

556 1422 753 1476 ἐπίσχες,
786 1423 836 1469 ὡς
872 1421 921 1464 ἂν
954 1421 1271 1474 προὺξερευνήσω
1304 1421 1421 1473 ςίβον

555 1494 613 1546 μή
647 1509 708 1540 τις
742 1497 914 1536 πολιτῶν
948 1493 987 1535 ἐν
1018 1490 1455 1546 τρίβωφαντοὶζεται.

288 1639 394 1696 Pag.
442 1635 540 1679 185.
587 1635 655 1678 12.
698 1633 774 1677 κᾶν
817 1632 955 1688 ἐξέλθῃ
997 1638 1069 1682 τῆς
1113 1635 1245 1687 ἀρχῆς
1287 1633 1425 1687 μικρόν
1467 1650 1506 1677 τι
1547 1638 1616 1677 τοῦ
1650 1636 1803 1684 παντὸς

228 1708 427 1760 ἐξεμέσοις
471 1707 515 1750 τὸ
558 1706 682 1749 πλέον
724 1705 976 1757 κατέπεψεν.
1040 1705 1250 1762 Lepidum
1279 1706 1357 1749 hoc
1389 1706 1555 1749 dicendi
1586 1721 1719 1764 genus
1752 1708 1802 1750 ab

223 1780 502 1837 Aristophane
533 1780 686 1822 sumsit
715 1779 760 1820 in
792 1778 963 1819 Acharn.
997 1778 1140 1820 initio:

497 1856 578 1897 τοῖς
614 1849 734 1892 πέντε
767 1846 986 1896 ταλάντοις
1020 1845 1074 1895 οἷς
1107 1848 1243 1891 Κλέων
1276 1847 1484 1901 ἐξήμεσεν.

226 1927 267 1967 et
297 1925 343 1966 in
374 1923 525 1979 Equitt.
562 1919 688 1964 1147.

706 1989 931 2044 ἀναγκάζω
964 1990 1092 2033 ποὶλιν
1125 1991 1284 2043 ἐξεμεῖν

708 2061 805 2105 ἅττ’
838 2062 888 2105 ἂν
920 2062 1154 2115 κεκλόφωσί
1184 2079 1276 2115 μου.

287 2136 399 2179 Hinc
437 2136 623 2191 suspicor
663 2147 759 2191 pag.
806 2133 906 2177 141.
952 2133 1182 2182 κελεύοντες
1225 2135 1336 2185 ἐμεῖν
1367 2131 1394 2176 ἃ
1430 2133 1638 2183 ἐδηδόκασι
1672 2139 1804 2183 κακῶς

227 2207 486 2250 intercidisse
509 2207 785 2249 necessariam
807 2206 1157 2261 praepositionem
1182 2209 1223 2248 et
1241 2204 1400 2256 ἐξεμεῖν
1418 2206 1586 2248 restitui
1603 2209 1805 2261 oportere.

289 2348 395 2404 Pag.
440 2344 538 2387 192.
583 2344 651 2387 40.
697 2345 728 2387 οἱ
772 2344 811 2387 δὲ
858 2350 981 2387 ΠΕΡΙ
1025 2344 1101 2392 τὰς
1145 2344 1353 2398 τραπέζαις
1395 2344 1487 2396 ὑμῖν
1520 2345 1680 2399 ᾄδοντες
1715 2345 1805 2390 νέοι.

231 2419 334 2476 Leg.
367 2422 517 2459 HAPA
549 2416 626 2463 τὰς
659 2414 888 2469 τραπέζας,
923 2418 971 2457 ut
1003 2414 1114 2468 παρὰ
1146 2414 1324 2466 δεῖπνον,
1355 2415 1467 2470 παρα
1497 2417 1616 2458 πότον
1645 2420 1686 2460 et
1709 2419 1804 2460 sim.

290 2561 395 2617 Pag.
431 2557 528 2601 198.
566 2557 603 2599 1.
638 2556 718 2603 νέος
751 2555 955 2608 χρήματα
988 2556 1102 2608 παρὰ
1135 2559 1204 2598 τοῦ
1233 2556 1386 2609 πατρὸς
1413 2555 1643 2608 λαμβάνων
1669 2558 1718 2604 ὦς
1751 2557 1805 2610 τῷ

231 2636 378 2685 σοφιςῇ
413 2632 556 2679 κομιῶν
581 2625 693 2669 ΤΩΝ
727 2627 783 2668 τοὶ
814 2628 888 2677 μὲν
922 2627 977 2673 εἷς
1011 2626 1155 2674 πότους
1189 2626 1355 2679 ἔτρεψε,
1390 2627 1447 2669 τοὶ
1480 2627 1512 2669 δ’
1545 2629 1600 2676 εἷς
1633 2627 1804 2682 κύβους,

231 2703 287 2746 τοὶ
329 2702 363 2744 δ’
401 2701 557 2746 αἰδοίοις
593 2697 710 2740 ἔδωκε
745 2697 992 2749 θρασυτέροις
1026 2697 1108 2741 ἕςὶν
1140 2695 1186 2740 οὗ
1216 2701 1285 2739 τοῦ
1320 2697 1453 2748 νόμου.
1516 2698 1724 2755 Expunge
1756 2696 1804 2740 οἷν

230 2789 281 2817 ex
311 2771 582 2829 praecedente
614 2768 778 2824 syllaba
809 2767 920 2809 male
952 2770 1130 2823 repetita
1161 2772 1323 2811 natum.
1374 2768 1493 2821 Quod
1525 2773 1670 2810 autem
1703 2769 1806 2812 dicit

230 2845 286 2889 τὰ
318 2844 351 2886 δ’
383 2841 541 2888 αἰδοίοις
575 2838 691 2881 ἔδωκε
729 2838 837 2881 ludit
868 2840 913 2880 in
944 2838 1122 2881 Homeri
1154 2839 1294 2881 verbis
1327 2838 1476 2896 Odyss.
1512 2846 1562 2881 O.
1599 2837 1699 2883 373.

534 2909 694 2964 ἔφαγόν
726 2911 763 2951 τ’
797 2908 905 2951 ἔπιόν
937 2925 982 2951 τε
1015 2910 1083 2951 καὶ
1117 2909 1316 2952 αἰδοίοισιν
1349 2909 1491 2952 ἔδωκα.

227 2999 351 3045 quem
378 2983 519 3028 locum
548 2982 702 3025 rectius
719 2981 877 3037 accepit
894 2993 1022 3036 quam
1040 2980 1195 3023 eruditi
1213 2979 1485 3025 Alexandrini
1504 3013 1514 3033 ‚
1536 2981 1608 3037 qui
1625 2980 1806 3037 adscrip-
