1946 3298
883 232 937 276 97

124 359 395 413 δημοκρατίαν
436 359 666 414 ἐτυράννευε
709 361 804 415 [τῶν
841 359 1099 416 Ἀθηναίων],
1135 360 1368 414 Περίανδρος
1403 363 1445 405 δὲ
1478 365 1590 417 παρα
1622 370 1691 410 τοῦ

122 431 274 483 πατρὸς
307 431 591 483 διαδεξαμενος
624 433 696 479 τὴν
727 431 965 482 βασιλείαν.
1015 430 1305 487 Supplendum
1334 437 1414 476 est:
1444 435 1460 475 ὁ
1488 437 1561 484 μὲν
1590 444 1689 480 ΓΑΡ

122 502 367 550 καταλύσας
399 507 439 545 et
471 508 546 546 τῶν
578 503 797 551 Ἀθηναίων
830 503 1177 558 expungendum,
1212 505 1321 559 quod
1352 507 1387 546 si
1418 508 1594 562 scriptor
1626 510 1695 552 ad-

122 574 295 616 didisset
324 576 368 616 in
399 576 602 631 proximis
634 579 709 616 τῶν
743 573 944 626 Κορινθίων
976 573 1168 616 additum
1201 577 1398 631 oportuit.
1447 576 1529 620 Sed
1560 593 1694 636 neque

121 645 198 688 hoo
230 659 332 701 opus
364 649 424 688 est
456 660 589 702 neque
617 644 706 687 illo.

179 787 283 844 Pag.
328 786 426 828 103.
468 786 628 843 (Solon)
672 787 714 828 οὐ
757 786 880 834 δήπου
922 789 1183 838 καταφρονῶν
1216 787 1443 839 οένδριοέντος
1475 791 1593 833 ἄλλα
1627 793 1696 836 καὶ

121 859 166 900 τὸ
209 858 247 899 ἐν
292 863 502 908 Σαλαμῖνι
544 861 732 909 χαλκοῦς
776 857 917 902 ἑςοέναι
960 856 1076 907 μέγα
1113 859 1359 909 ποιούμενος.
1422 862 1516 904 Non
1547 868 1695 907 memi-

120 932 239 971 nerat
284 942 428 971 eorum
474 943 579 985 quae
625 929 675 971 de
718 929 796 971 hae
845 928 1009 971 Solonis
1060 933 1200 972 statua
1245 934 1399 987 scripta
1441 938 1539 976 sunt
1586 939 1697 992 apud

120 998 448 1043 Demosthenem
490 1001 537 1041 de
577 1000 625 1041 F.
664 999 714 1041 L.
755 1013 849 1056 pag.
896 998 995 1041 420.
1033 999 1070 1044 7.
1105 1001 1171 1042 τὸν
1203 1003 1277 1051 μὲν
1309 1004 1526 1055 ἀνδριάντα
1558 1011 1696 1051 τοῦτον

123 1070 208 1128 (τοῦ
254 1070 450 1127 Σόλωνος)
485 1070 591 1112 οὔπω
625 1070 860 1119 πεντήκοντ’
895 1069 962 1119 ἔτη
995 1072 1124 1123 φασὶν
1157 1073 1392 1116 οΞνακεῖσθαι
1428 1079 1696 1137 Σαλαμίνιοι,

120 1142 202 1184 οέπὸ
248 1141 425 1189 Σόλωνος
465 1141 505 1183 δὲ
535 1142 632 1192 ὁμοῦ
666 1136 852 1184 διακόσια
886 1141 968 1186 ἐςιν
1000 1141 1069 1191 ἔτη
1103 1143 1171 1184 καὶ
1205 1144 1511 1196 τετταράκοντα
1543 1150 1598 1196 εἷς
1632 1151 1699 1193 τὸν

121 1213 201 1256 νυνὶ
262 1212 448 1264 παρόντα
501 1212 653 1265 χρόνον.
730 1212 877 1268 Itaque
926 1227 975 1255 ex
1021 1214 1316 1258 Demosthenis
1363 1220 1575 1272 opinione,
1626 1224 1699 1277 qui

122 1299 227 1328 anno
263 1284 347 1327 343
380 1285 481 1327 haec
513 1285 742 1336 scribebat,
778 1283 905 1327 Solon
937 1286 1046 1327 circa
1077 1299 1233 1328 annum
1263 1287 1348 1331 583
1374 1289 1698 1337 Atheniensibus

119 1356 235 1414 leges
266 1356 394 1400 dedit.

180 1498 285 1555 Pag.
331 1496 428 1539 103.
473 1497 704 1549 διαμαρτὼν
747 1496 787 1539 δὲ
831 1497 939 1553 [καὶ]
989 1497 1143 1540 τούτου.
1209 1499 1353 1555 Inepte
1401 1501 1571 1545 additur
1612 1506 1698 1548 καί.

120 1568 213 1611 Hoc
252 1584 371 1610 unum
413 1570 550 1619 enim,
595 1570 630 1610 si
661 1568 762 1624 quid
793 1567 999 1612 Herodoti
1031 1570 1378 1614 obtrectatoribus
1411 1573 1641 1627 oredimus,
1676 1591 1700 1620 a

123 1638 354 1683 Corinthiis
384 1639 624 1683 Herodotus
655 1641 850 1695 petierat.

179 1781 284 1838 Pag.
330 1779 430 1822 104.
473 1781 582 1830 ἡμᾶς
627 1779 667 1822 δὲ
713 1785 804 1821 Alc
843 1779 1179 1830 ἐπιδημήσαντας
1213 1780 1332 1829 οὕτως
1369 1783 1555 1834 ἀσμένως
1587 1787 1697 1831 ἐπεί,

121 1852 209 1894 δετε
243 1850 319 1896 ὥςε
348 1851 513 1902 μαλιςα
546 1851 620 1902 μὲν
653 1851 865 1903 ἐπειρᾶσθε
904 1851 1124 1905 κατέχειν,
1159 1853 1320 1904 ὁρῶντες
1353 1855 1392 1897 δὲ
1426 1856 1624 1900 ἀδύνατον
1660 1860 1699 1902 ὃν

119 1923 233 1967 οέλλοέ
268 1940 319 1974 γε
351 1923 422 1971 τὴν
455 1923 544 1965 εἰκὼ
574 1926 643 1965 τοῦ
671 1925 860 1973 σώματος
891 1923 1145 1971 ἐποιήσασθε.
1194 1925 1420 1968 Manifesto
1447 1929 1697 1973 mendosum

120 1999 182 2038 est
222 1995 294 2041 δίς.
357 1994 532 2036 Primum
576 1995 690 2036 enim
732 2008 774 2036 se
818 1992 1071 2037 Corinthum
1119 1997 1179 2037 ait
1224 1999 1386 2039 venisse
1434 2002 1528 2042 ante
1571 2015 1698 2045 annos

121 2067 263 2110 decem
321 2079 451 2122 eoque
511 2069 699 2121 tempore
756 2069 942 2108 statuam
989 2067 1069 2108 sibi
1116 2069 1298 2122 positam
1344 2074 1498 2114 narrat.
1575 2073 1697 2117 Nunc

117 2151 309 2181 reversus
349 2139 444 2192 post
485 2137 629 2179 decem
678 2150 805 2179 annos
853 2138 1043 2193 queritur
1088 2141 1275 2181 statuam
1322 2153 1443 2183 suam
1489 2158 1697 2200 nusquam

118 2223 329 2265 apparere.

176 2280 323 2336 Itaque
357 2285 449 2321 ΔΙΟ
481 2278 660 2322 solemni
691 2293 826 2322 errore
859 2294 909 2322 ex
943 2286 1019 2321 ΔΗ
1051 2280 1221 2323 videtur
1253 2294 1340 2324 esse
1370 2286 1534 2328 natum.

177 2351 399 2407 Sequitur:
445 2349 511 2392 καὶ
556 2349 711 2399 ταύτην
753 2351 941 2404 φέροντες
985 2351 1210 2401 ἀνεθήκατε
1258 2353 1312 2400 εἷς
1358 2355 1413 2396 τοὶ
1456 2355 1612 2407 βιβλία
1644 2361 1695 2408 ὡς

118 2422 344 2477 προεδρίαν,
377 2423 465 2463 imo
498 2435 595 2464 vero
628 2422 678 2468 ὡς
711 2421 803 2479 (εἷς)
839 2422 1055 2476 προεδρίαν.

177 2562 279 2620 Pag.
330 2560 427 2604 109.
471 2561 773 2614 μισοβάρβαροι
813 2563 887 2613 μὲν
929 2563 1010 2616 γαρ
1052 2561 1174 2611 οὕτως
1209 2563 1311 2613 ἦσαν
1345 2564 1589 2626 (Corinthii)
1621 2570 1698 2615 ὦζε

119 2634 172 2681 εἷς
217 2632 490 2685 Θερμοπύλας
535 2633 815 2685 τετρακοσίους
860 2638 974 2687 σφῶν
1020 2637 1152 2677 αὐτῶν
1193 2635 1421 2680 οὶπέςειλαν
1453 2637 1593 2694 ὅτεπερ
1627 2645 1694 2686 καὶ

118 2703 431 2753 Λακεδαιμόνιοι
487 2704 810 2755 ΤΘτρακοσιόυς.
905 2704 1137 2761 Scripserat
1196 2704 1337 2760 ὅτεπερ
1385 2712 1698 2764 Λακεδαιμόνιοι

118 2775 405 2822 ΤΡιακοσίους.
469 2774 670 2817 Sumtum
717 2779 778 2818 est
821 2777 871 2819 ab
903 2776 1117 2820 Herodoto
1149 2777 1240 2821 VII.
1273 2779 1373 2822 202.
1408 2782 1499 2836 (ubi
1529 2797 1697 2829 enumec

118 2850 263 2888 rantur
291 2847 322 2888 οἱ
351 2846 388 2886 ἐν
417 2850 509 2892 ταῖς
541 2846 874 2904 Θερμοπύλαις);
906 2848 1195 2901 Σπαρτιητέων
1222 2850 1433 2902 τριηκόσιοι
1454 2853 1695 2897 ὁπλῖται-

120 2918 201 2959 οὲπὸ
233 2918 274 2958 δὲ
307 2916 483 2969 Κορίνθου
518 2916 782 2969 τετρακόσιοι.
830 2918 994 2975 Nempe
1025 2921 1103 2963 hoo
1136 2922 1227 2978 agit
1259 2920 1456 2979 Sophista
1487 2928 1536 2967 ut
1562 2930 1696 2970 osten-

121 2988 192 3030 dat
213 2989 353 3042 plures
386 2987 495 3043 apud
528 2986 835 3046 Thermopylas
866 2990 995 3033 fuisse
1029 2990 1267 3035 Corinthios
1299 3008 1425 3049 quam
1458 2995 1696 3051 Spartanos.

318 3073 369 3103 11.
1485 3066 1503 3100 7
