1946 3298
880 122 964 164 235

138 257 234 285 mus
264 257 388 298 supra
419 258 544 300 quam
574 259 693 301 saepe
725 245 832 299 φοροέ
865 247 907 288 01
938 246 1114 300 φρουροί,
1144 251 1278 302 φορεῖν
1311 254 1352 293 01
1382 256 1564 306 φρουρεῖν
1601 256 1710 298 inter

141 327 228 355 sese
260 315 530 358 misceantur.

198 452 349 495 Incerti
383 457 504 508 poeta
536 453 686 510 fragm.
723 453 822 496 363.
858 469 956 511 pag.
995 455 1094 499 ²707.

379 523 477 575 δεῦρ’
510 525 615 565 {we
649 530 756 565 CTN
790 541 848 566 σοι
881 524 1023 567 τόἑλλοι
1056 526 1262 577 βούλομαι
1294 529 1468 582 φροέσοει.

140 595 398 648 comparavit
427 594 644 636 Nauckius
676 594 820 650 Eurip.
854 595 942 637 Ion.
979 596 1109 639 1521.

378 664 479 716 δεῦρ’
513 663 593 706 ἔλθ’
630 665 668 710 ἐς
702 663 764 711 οὖς
798 681 856 707 σοι
888 667 980 714 τοὺς
1013 666 1160 719 λόγους
1194 669 1321 710 εἷπεῖν
1353 669 1462 711 θέλω.

139 733 249 775 unde
280 734 468 788 primum
501 735 829 777 emendandum:

376 804 479 856 δεῦρ’
513 804 593 845 ἔλθ’
630 811 693 846 ΕΟ
728 811 836 847 OTC
868 805 925 847 σοὶ
959 806 1102 848 τᾶλλοο
1136 807 1342 858 βούλομαι
1373 809 1545 862 φροέσοω.

139 874 286 916 deinde
325 875 554 917 videndum
592 889 643 916 an
674 890 756 917 000
787 878 843 918 511
873 890 1017 919 versus
1048 892 1157 919 1111115
1191 883 1231 920 01
1262 880 1398 921 idem:
1433 883 1550 922 cuius
1582 882 1708 936 scrip-

137 947 234 985 tura
263 946 308 985 in
340 942 468 986 Codd.
501 947 653 986 nostris
685 953 877 1001 corrupta
909 948 1020 1002 apud
1051 952 1236 990 veterem
1267 950 1558 1006 Aristophanis
1584 952 1710 993 10101·-

134 1018 296 1070 pretem
329 1014 397 1071 <ad
427 1017 530 1057 Aves
565 1014 711 1072 1647.)
745 1018 909 1074 integra
942 1021 1105 1061 servata
1136 1020 1203 1060 sit.

195 1165 349 1208 Incerti
378 1168 523 1220 poetae
555 1166 707 1222 fragm.
744 1165 843 1210 367.
876 1181 974 1224 pag.
1011 1166 1110 1210 708.

376 1235 537 1286 μήποτέ
569 1253 629 1283 τις
664 1235 788 1289 ἄνδρα
821 1236 1044 1289 πανόλβιον
1079 1236 1264 1285 οεὺδήσειε

378 1306 466 1358 πρὶν
497 1306 557 1359 ἴδῃ
589 1310 671 1353 πῶς
704 1313 828 1354 κεῖνος
863 1306 948 1360 ἔχοι
983 1308 1080 1349 ποτὲ
1115 1306 1270 1357 πότμον
1301 1308 1486 1358 οέπήμων.

138 1391 219 1420 000
251 1376 442 1432 Tragici,
476 1376 547 1419 sed
582 1377 702 1431 Epici
736 1381 880 1432 poetae
911 1377 1027 1420 100115
1053 1378 1222 1420 videtur
1248 1391 1334 1419 esse
1359 1379 1417 1420 sic
1441 1378 1704 1421 scribendus:

259 1447 418 1498 μήποτέ
450 1464 510 1493 τις
546 1447 720 1503 (βροτὸν)
754 1448 877 1499 ἄνδρα
911 1448 1134 1499 ποινόλβιον
1170 1449 1357 1496 abesam

257 1517 344 1567 πρίν
378 1517 478 1572 (κεν)
510 1517 572 1569 ἴδῃ
606 1523 687 1564 πῶς
721 1523 844 1564 κεῖνος
877 1517 962 1569 ἔχοι
997 1519 1093 1560 ποτὲ
1127 1516 1282 1567 πότμον
1316 1518 1504 1567 ἀπήμων.

196 1587 243 1628 111
275 1601 361 1642 sqq.
395 1589 539 1629 mirari
572 1587 682 1629 50100
715 1602 795 1643 quo
827 1593 948 1643 pacto
981 1588 1197 1630 Nauckius
1229 1589 1470 1644 ingeniosus
1502 1589 1627 1632 homo
1665 1594 1706 1633 01

137 1656 387 1711 φιλόκαλος,
430 1659 466 1699 51
502 1659 595 1712 quis
628 1658 758 1709 alius,
792 1661 976 1714 potuerit
1008 1659 1135 1701 verba
1167 1662 1208 1700 et
1240 1660 1466 1701 sententias
1499 1660 1549 1701 de
1581 1662 1708 1703 trivio

136 1731 296 1770 sumtas
353 1742 403 1770 ex
457 1729 713 1770 futilissimis
760 1729 1031 1784 scriptoribus
1087 1728 1401 1784 Theophylacto
1449 1729 1703 1781 Simocatta,

136 1797 305 1849 Tzetze,
350 1800 440 1841 vita
471 1799 624 1854 Aesopi
659 1801 770 1856 (pag.
809 1799 893 1843 726
912 1799 1015 1855 sqq.)
1050 1813 1124 1855 pro
1157 1798 1430 1855 Tragicorum
1461 1800 1708 1857 fragmentis

133 1869 298 1911 habere.
362 1867 593 1911 Simocatta
635 1871 876 1925 scripserat:
912 1868 1034 1921 ὅρκοις
1069 1871 1126 1919 μὴ
1161 1870 1293 1911 πείθου
1323 1869 1554 1912 ramerum·
1589 1871 1707 1921 ὅρκων

135 1945 217 1986 τοῖς
261 1939 393 1989 ἐρῶσιν
436 1939 544 1980 οὐδέν
586 1941 666 1984 ὲςιν
709 1941 976 1991 εὐχερές-ερον.
1042 1938 1144 1991 Quis
1187 1940 1327 1981 credat
1358 1950 1530 1982 acutum
1566 1944 1708 1985 virum

134 2010 231 2052 hinc
271 2011 474 2064 expiscari
516 2012 700 2065 potuisse
745 2010 914 2067 Tragici
955 2010 1243 2067 fragmentum
1284 2011 1384 2052 hoc:
1424 2009 1542 2063 ὅρκων
1575 2013 1707 2064 ἐρῶσιν

136 2080 243 2122 οὐδὲν
278 2078 557 2131 εὐχερέςερονῗ
591 2087 784 2123 00010005
814 2081 1108 2122 huiuscemodi
1141 2081 1368 2123 versiculos
1397 2085 1438 2123 01
1464 2082 1599 2125 multo
1629 2083 1708 2126 010-

136 2151 344 2206 gantiores
376 2153 417 2192 et
447 2150 585 2193 verbis
616 2151 913 2206 splendidiores
945 2153 1033 2206 ipse
1065 2154 1177 2193 stans
1208 2151 1312 2206 pede
1343 2153 1387 2193 in
1419 2167 1501 2195 uno
1527 2167 1708 2210 pangere

135 2224 287 2276 posset.

193 2291 421 2347 Aliquanto
461 2291 715 2333 fructuosius
758 2294 820 2333 est
851 2292 1034 2348 genuina
1066 2290 1342 2348 Tragicorum
1372 2296 1565 2336 veterum
1597 2295 1709 2352 frag-

135 2364 277 2403 menta
308 2363 395 2404 sine
426 2365 643 2416 poetarum
676 2363 917 2403 nominibus
949 2362 1018 2404 hic
1050 2362 1139 2404 11110
1172 2362 1347 2405 10100110
1378 2365 1423 2405 10
1449 2364 1589 2406 lucem
1614 2379 1705 2421 pro-

135 2431 262 2486 ferre,
293 2432 419 2487 idque
451 2436 492 2473 01
522 2434 611 2487 ipse
643 2431 791 2474 lubens
822 2432 996 2482 faciam,
1032 2432 1106 2473 ubi
1137 2433 1238 2487 quid
1269 2433 1437 2476 dabitur
1468 2437 1567 2487 otii,·
1597 2451 1707 2479 nunc

136 2501 314 2544 aliarum
345 2516 485 2543 rerum
518 2506 709 2559 satagens
741 2504 785 2544 in
819 2502 934 2544 aliud
967 2506 1134 2557 tempus
1165 2503 1210 2544 id
1243 2503 1398 2546 differo.

195 2571 340 2614 Unum
380 2575 548 2613 tantum
591 2573 690 2626 quia
731 2573 782 2613 ad
820 2586 996 2614 manum
1027 2576 1089 2614 051
1121 2574 1267 2614 statim
1298 2575 1517 2629 proferam.
1583 2578 1709 2633 Apud

136 2640 344 2685 incertum
376 2642 619 2697 Sophistam
650 2644 693 2683 in
725 2641 873 2685 Orellii
913 2643 1092 2697 Opusoul.
1130 2644 1264 2684 Graec.
1301 2645 1472 2690 Sentewt.
1507 2647 1623 2690 Tom.
1654 2647 1707 2691 II.

135 2725 230 2769 pag.
266 2712 366 2755 216.
401 2715 489 2754 sine
520 2715 666 2768 poetae
698 2715 866 2754 nomine
897 2713 998 2755 haec
1032 2713 1280 2755 afferuntur:

437 2783 506 2824 κοιὶ
540 2784 623 2834 γὰρ
656 2782 723 2823 τὸν
757 2782 884 2824 ἄλλον
920 2782 991 2825 εἶδε
1024 2785 1217 2832 θνητοῖσιν
1249 2785 1364 2835 νόμον

436 2852 524 2904 ὄφει
559 2853 719 2906 διοοθρῶν
751 2853 856 2896 οὐδὲν
884 2853 983 2896 ”AN
1018 2855 1152 2904 πάντη
1186 2854 1312 2897 κοιλὸν
