1946 3298
871 138 957 180 454

131 268 315 322 Κρήσσης
369 267 448 309 υἱὸν
496 262 704 314 Τηλαύγη
756 263 992 317 Πυθαγόρου
1039 265 1327 317 ἀναγράφουσι
1373 265 1440 308 καὶ
1494 262 1699 316 θυγασέρα

132 345 301 389 Μυῖαν,
337 351 464 393 quam
494 336 691 378 novimus
721 334 1011 390 philosophiae
1041 338 1235 389 paternae
1266 347 1432 389 operam
1463 335 1625 378 dedisse
1654 348 1705 385 ex

133 409 350 452 Clemente
393 407 516 449 Alex,
559 406 717 461 (Strom.
752 403 821 454 IV,
865 419 961 461 pag.
997 404 1083 445 224
1117 404 1237 461 Sylb.
1278 403 1363 446 619
1396 405 1534 461 Pott.)
1570 406 1706 458 ἐφιλο-

134 480 253 533 σόφει
295 484 412 520 Μυῖα
448 478 467 525 η
504 478 679 521 Θεανοῦς
724 475 902 527 θυγάτηρ
934 476 989 516 τά
1021 474 1293 526 Πυθαγόρεια.
1356 474 1541 517 Suadent
1571 477 1707 532 igitur

134 551 237 592 haec
279 550 419 591 omnia
459 550 508 588 ut
550 545 767 587 credamus
807 545 1097 602 Pythagoram
1140 546 1275 588 amico
1312 544 1630 598 Milonirfilidam
1663 547 1707 587 in

133 620 459 662 matrimonium
498 616 670 658 dedisse.
734 615 798 657 Ex
829 616 895 657 his
928 619 1026 657 nata
1056 614 1143 658 filia
1176 619 1260 666 est,
1296 629 1421 670 quam
1454 615 1710 658 Democedes

135 691 398 732 medicorum
428 689 620 743 princeps
651 699 825 728 uxorem
858 686 1031 736 habuit,
1065 689 1114 727 ut
1147 687 1342 727 omnibus
1368 689 1518 727 notum
1532 692 1598 727 lex
1617 685 1709 728 He-

135 760 280 802 rodoto
311 758 386 800 ΙΙΙ.
424 756 523 799 137.
566 756 640 797 ubi
681 755 935 798 Democedes
978 756 1104 798 Dario
1138 755 1365 812 Hystaspis
1398 756 1445 798 F.
1478 757 1712 798 renuntiari

137 830 256 872 iubet
297 826 355 870 ὅτι
403 826 578 880 ἅρμοςαι
610 827 682 874 την
713 826 898 873 Μίλωνος
933 825 1141 878 θυγατέρα
1173 832 1368 876 γυναῖκα.
1432 829 1517 868 Τοῦ
1550 827 1633 878 γάρ
1666 826 1710 874 δη

137 900 351 944 παλαις-ἕω
393 899 576 944 Μίλωνος
620 893 663 944 ἦν
705 897 855 946 οὔνομα
896 897 1047 938 πολλὸν
1079 898 1192 948 παρά
1225 896 1415 948 βασιλέϊ.
1481 897 1545 938 Ex
1577 900 1713 939 aetate

138 972 331 1013 omnium
373 968 628 1011 nobilissimi
668 967 871 1009 athtletae
914 967 1092 1009 firmiter
1136 967 1412 1009 stabiliuntur
1449 981 1496 1010 ea
1527 981 1632 1023 quae
1664 967 1714 1009 de

138 1041 407 1097 Pythagorae
425 1041 560 1081 aetate
587 1051 638 1079 ex
664 1038 911 1080 Aristoxeno
940 1052 1065 1093 supra
1092 1038 1362 1094 collegimus,
1390 1052 1541 1093 nempe
1568 1037 1715 1094 Olym-

133 1111 276 1167 piadis
320 1108 440 1151 LXII
480 1121 585 1149 anno
629 1110 774 1162 quarto
811 1107 914 1162 (529
945 1122 980 1149 a.
1015 1105 1135 1165 Chr.)
1170 1108 1457 1165 Pythagoram
1491 1107 1714 1151 Crotonem

141 1182 317 1224 venisse.
369 1178 478 1222 Milo
511 1179 526 1219 ὁ
561 1177 698 1228 ἑξάκις
731 1178 951 1228 Ὀλύμπια
985 1179 1190 1227 νενικηκώς
1225 1179 1388 1234 quando
1415 1181 1566 1221 vicerit
1592 1178 1715 1221 facile

143 1255 206 1294 est
238 1251 282 1292 ἐκ
315 1255 387 1297 τῆς
419 1253 496 1290 τῶν
530 1247 824 1298 Ὀλυμπιάδων
856 1250 1105 1302 ἀναγραφῆς
1141 1263 1400 1306 cognoscere.
1448 1249 1554 1291 Milo
1585 1248 1718 1291 semel

146 1321 300 1369 ἐνίκησε
345 1320 482 1368 πάλην
517 1319 695 1368 παῖδας,
741 1322 782 1360 et
813 1321 1033 1374 quinquies
1065 1319 1208 1371 ἄνδρας
1244 1319 1568 1376 Olympiadibus
1598 1318 1719 1361 LXII

146 1390 319 1433 —LXV
352 1390 475 1447 (anno
510 1388 790 1444 &nm—516),
828 1395 873 1431 ut
904 1394 1014 1432 recte
1047 1391 1227 1433 ostendit
1254 1390 1506 1447 Rutgersius
1532 1403 1628 1446 pag.
1646 1388 1717 1431 23.

146 1460 272 1504 Vides
305 1474 531 1518 congruere
564 1461 718 1502 omnia.
767 1459 857 1511 Qua
889 1460 1141 1516 Olympiade
1169 1475 1284 1503 socer
1309 1462 1426 1504 venit
1453 1462 1497 1501 in
1522 1460 1716 1510 Italiam,

146 1532 292 1574 eadem
335 1545 463 1587 gener
503 1532 686 1585 primam
730 1530 768 1570 ἐν
805 1530 994 1582 ἀνδράσιν
1028 1530 1296 1586 Olympicam
1328 1532 1550 1573 victoriam
1582 1544 1720 1585 repor-

146 1604 263 1645 tavit.
331 1600 454 1642 Socer
486 1604 573 1642 erat
604 1600 681 1641 XL
715 1614 942 1655 annorum,
985 1615 1112 1657 gener
1149 1600 1291 1642 XVIII
1333 1604 1406 1643 aut
1446 1601 1589 1656 paullo
1632 1614 1720 1643 am-

146 1672 273 1728 plius.
322 1671 532 1714 Milonem
576 1671 640 1712 τὸν
684 1671 986 1722 ἐπιφανές-ατον
1028 1675 1104 1712 τῶν
1144 1672 1326 1719 ἀθλητῶν
1356 1685 1429 1726 per
1467 1685 1595 1713 annos
1635 1670 1719 1712 XX

146 1746 346 1797 perpetuo
379 1742 583 1783 victorem
615 1742 846 1783 innotuisse
877 1741 1004 1784 Dario
1037 1743 1198 1783 mirum
1229 1742 1367 1783 hercle
1400 1755 1483 1784 non
1514 1746 1590 1783 est.
1640 1740 1722 1783 Sex

148 1817 242 1868 post
272 1812 474 1854 ultimam
506 1813 729 1853 victoriam
761 1813 879 1853 annis
913 1811 1016 1868 (510
1045 1826 1080 1854 a.
1102 1810 1217 1866 Chr.)
1253 1811 1361 1853 Milo
1390 1816 1431 1853 et
1457 1811 1723 1868 Pythagoras

151 1883 437 1925 inclaruerunt
477 1883 521 1922 in
566 1881 676 1923 bello
717 1896 815 1923 cum
846 1881 1080 1939 Sybaritis,
1126 1882 1235 1937 quod
1271 1883 1402 1923 suasit
1432 1881 1723 1938 Pythagoras,

150 1954 259 1998 Milo
291 1954 435 2010 gessit.
499 1952 733 2003 Πυθαγόρου
766 1956 834 1994 τοῦ
869 1952 1098 2006 φιλοσόφου
1131 1952 1517 2003 συμβουλεύσαντος
1551 1977 1608 1984 ν-
1641 1952 1723 1994 Μί-

150 2035 271 2072 λωνος
305 2027 374 2065 τοῦ
408 2022 582 2070 ἀθλητοῦ
617 2022 855 2073 ἡγουμένου.
921 2023 1102 2065 Diodoro
1134 2022 1276 2065 Siculo
1310 2026 1415 2065 teste
1446 2022 1543 2064 XII.
1580 2022 1618 2064 9.
1653 2024 1726 2078 qui

153 2096 290 2138 addit:
336 2095 352 2135 ὂ
396 2093 478 2145 γαρ
521 2093 615 2144 ἀνὴρ
660 2091 770 2151 οὗτος
815 2093 952 2149 (Milo)
999 2092 1134 2142 ἑξάκις
1172 2092 1395 2143 Ὀλύμπια
1430 2094 1633 2141 νενικηκὼς
1666 2117 1724 2123 ——

153 2166 327 2216 λέγεται
360 2165 453 2216 πρὸς
487 2164 558 2211 τὴν
591 2162 738 2215 μάχην
771 2164 1009 2211 ἀπαντῆσαι
1040 2163 1427 2215 κατεςεφανωμένος
1455 2169 1538 2208 τοῖς
1568 2165 1727 2213 Ὀλυμ-

154 2240 283 2282 πικοῖς
336 2233 543 2287 ςεφάνοις.
606 2233 712 2276 Milo
759 2234 1059 2289 decemplicem
1106 2235 1294 2276 hostium
1341 2249 1567 2277 numerum
1615 2234 1725 2276 fudit

155 2307 404 2362 fugavitque
431 2303 630 2360 Sybarim
665 2306 775 2360 cepit
801 2308 843 2346 et
869 2305 1038 2347 delevit.
1084 2305 1196 2346 Hinc
1221 2305 1367 2347 turbae
1394 2305 1445 2346 ob
1474 2305 1724 2347 divisionem

159 2389 379 2431 agrorum,
413 2377 475 2416 ira
505 2375 639 2430 plebis
670 2377 715 2416 in
745 2375 1057 2431 Pythagoreos,
1092 2377 1164 2430 qui
1197 2376 1454 2417 considentes
1481 2377 1524 2416 in
1551 2374 1726 2417 Milonis

158 2446 330 2488 aedibus
371 2446 477 2486 ferro
514 2448 555 2486 et
586 2445 769 2486 fiammis
801 2447 1025 2500 perierunt.
1091 2445 1160 2487 Sic
1194 2448 1335 2487 omnia
1367 2449 1478 2488 recte
1511 2449 1551 2487 et
1584 2445 1727 2488 ordine

157 2515 386 2571 procedunt
418 2518 458 2556 et
491 2516 648 2570 optime
681 2519 842 2557 constat
873 2520 1114 2571 temporum
1146 2518 1265 2558 ratio.

219 2585 372 2627 Darius
416 2587 610 2640 regnavit
657 2586 707 2627 ab
751 2599 856 2627 anno
902 2585 1002 2627 521.
1046 2587 1090 2627 in
1132 2586 1285 2628 mediis
1326 2585 1501 2628 Milonis
1541 2587 1729 2628 victoriis

161 2655 396 2712 Olympicis
428 2658 469 2696 et
500 2654 754 2697 Democedes
787 2657 936 2710 primis
967 2656 1086 2698 Darii
1119 2658 1237 2699 annis
1265 2658 1420 2698 missus
1447 2660 1508 2698 est
1534 2657 1579 2698 in
1603 2654 1729 2698 Grae-

160 2728 269 2768 ciam
303 2729 344 2766 et
374 2726 418 2766 in
449 2726 631 2780 patriam
664 2723 887 2768 Crotonem
920 2727 1061 2769 rediit.

214 2865 277 2913 Ex
319 2865 386 2906 his
429 2864 623 2907 omnibus
666 2865 907 2920 agnoscitur
948 2867 1097 2922 ingens
1139 2864 1287 2910 lacuna
1330 2864 1439 2923 apud
1473 2864 1722 2923 Diogenem.
