1946 3298
923 151 1006 193 183

175 273 248 328 qui
278 273 423 316 fraude
449 276 621 328 paterna
649 276 762 316 cives
785 274 885 316 facti
906 278 947 316 et
970 274 1279 325 δοκιμασθέντες
1304 276 1500 318 dicuntur
1522 277 1566 318 in
1591 286 1744 333 pompa

176 344 265 385 οΞντὶ
299 343 575 396 σκαφηφόρων
608 344 756 397 ἔφηβοι
790 345 844 390 εἰς
879 344 950 390 την
982 346 1198 397 ἀκρόπολιν
1230 346 1525 396 ἀναβήσεσθαι.

235 482 540 538 Harpocration
583 483 727 525 sedulo
771 497 872 525 usus
914 487 977 526 est
1016 483 1194 539 Didymi
1236 485 1279 525 in
1322 492 1354 526 X
1398 484 1588 527 Oratores
1624 484 1746 528 Com—

173 554 405 595 mentariis.
467 552 689 595 Putaverit
732 553 884 608 aliquis
927 555 1138 608 quantivis
1168 556 1294 609 pretii
1326 558 1367 596 et
1398 557 1655 610 optimarum
1687 570 1748 597 re-

174 636 270 664 rum
311 622 434 677 plena
466 623 567 664 haec
599 623 831 664 doctissimi
863 625 1134 679 grammatici
1167 624 1446 674 ὑπομνήματα
1479 626 1619 667 fuisse.
1683 625 1746 668 Ex

174 691 371 748 diligenti
401 691 743 747 Harpocrationis
774 692 951 735 lectione
979 693 1131 750 collegi
1158 708 1240 736 non
1266 696 1327 736 ita
1354 709 1441 737 sese
1466 710 1556 737 rem
1580 696 1745 738 habere.

173 761 295 804 Nihil
326 762 628 817 propemodum
661 764 704 804 in
736 764 790 804 iis
820 765 954 805 inesse
986 764 1109 806 video
1141 764 1250 819 quod
1277 765 1448 807 doctum
1476 769 1550 807 aut
1575 770 1747 808 acutum

174 833 230 873 sit
269 836 342 874 aut
385 832 566 889 elegans.
629 832 820 874 Dubium
864 837 905 875 et
937 835 1147 875 incertum
1181 839 1221 876 te
1254 834 1454 890 relinquit
1485 837 1529 877 in
1559 838 1613 878 iis
1645 849 1749 891 quae

171 902 216 942 in
256 904 374 943 tanta
415 901 622 944 librorum
665 904 783 958 copia
825 907 936 945 certo
976 905 1073 945 sciri
1108 904 1230 946 facile
1262 910 1473 960 poterant,
1508 910 1557 948 ut
1588 908 1630 947 in
1662 906 1747 958 δερ-

172 971 330 1026 ambr,
373 971 508 1022 θέτην,
547 972 730 1025 οἱκίσκῳ,
762 975 1008 1026 περίςοιχοι,
1042 975 1207 1026 ςρωτήρ.
1271 977 1358 1017 Aut
1388 976 1501 1018 levia
1532 980 1574 1018 et
1605 977 1748 1019 futilia

172 1044 214 1083 et
255 1042 299 1082 in
338 1041 495 1098 vulgus
536 1047 635 1084 nota
671 1043 850 1098 profert,
893 1048 941 1085 ut
983 1046 1027 1085 in
1067 1045 1311 1096 Ἐλευθέριος
1356 1046 1480 1097 Ζεύς,
1523 1046 1746 1102 ἔνθρυπτα,

172 1110 337 1164 ἐξένιζε,
386 1112 553 1167 Θύςιον,
603 1113 909 1164 Κραυαλλίδαι,
960 1115 1161 1165 κυμβίον,
1211 1122 1479 1167 ματρυλεῖον,
1529 1117 1748 1167 ὄξυθύμια,

171 1177 296 1233 ὅσιον,
330 1188 566 1233 Παιανιεῖς,
602 1185 887 1234 παρασκήνια,
922 1185 1009 1236 περὶ
1044 1191 1115 1233 τῆς
1150 1187 1187 1227 ἐν
1222 1192 1405 1238 Δελφοῖς
1438 1190 1582 1235 σκιάς,
1615 1188 1747 1230 Πολύ-

174 1268 344 1304 ςρατος,
391 1253 610 1304 προκώνια,
654 1254 747 1299 τοὺς
791 1255 944 1305 ἑτέρους
976 1257 1204 1308 τραγῳδοὺς
1239 1258 1491 1308 άγωνιεῖται.
1556 1259 1643 1300 Aut
1674 1258 1750 1300 fal-

169 1322 275 1364 litur
306 1327 348 1365 et
378 1325 422 1365 in
454 1337 609 1366 errores
642 1338 684 1366 se
717 1325 933 1380 implicat,
968 1340 1146 1381 quorum
1178 1327 1291 1368 haud
1322 1329 1446 1382 pauci
1477 1330 1579 1370 satis
1601 1342 1751 1385 graves

170 1396 291 1443 sunt,
335 1393 527 1435 nonnulli
570 1395 699 1436 etiam
731 1396 775 1436 in
806 1399 893 1437 tam
927 1397 1090 1438 erudito
1122 1399 1213 1440 viro
1245 1399 1318 1440 vix
1351 1398 1592 1448 credibiles,
1626 1403 1675 1440 ut
1706 1400 1750 1440 in

169 1463 251 1504 άπὸ
285 1463 583 1514 μισθωμάτων,
617 1466 842 1515 γαμηλία,
878 1467 1116 1522 ἐσπαθᾶτο,
1149 1468 1423 1519 ἑωλοκρασία,
1458 1474 1746 1520 Λυκιουργεῖς,

169 1533 186 1574 o‘
228 1532 406 1575 κάτωθεν
455 1535 594 1584 νόμος,
645 1535 897 1591 πανδαισία,
942 1536 1141 1588 πέλανος,
1190 1538 1468 1590 πρόπεμπτα,
1518 1540 1746 1592 προςασιά,

168 1603 356 1654 Πυθαέα,
394 1609 576 1651 πωλῶσι,
609 1605 846 1657 φαρμακός.

227 1675 366 1728 Atque
398 1674 444 1715 hi
477 1675 647 1730 quidem
680 1682 778 1718 sunt
809 1676 891 1719 loci
923 1678 978 1718 ad
1006 1693 1124 1719 unum
1150 1694 1278 1720 omnes
1303 1680 1378 1722 ubi
1403 1679 1614 1736 Didymus
1639 1681 1750 1736 apud

165 1743 543 1799 Harpocrationem
585 1748 850 1795 nominatur,
894 1753 943 1789 ut
984 1749 1104 1790 nulla
1147 1752 1202 1791 sit
1245 1754 1367 1792 acuta
1408 1751 1642 1794 observatio
1675 1756 1749 1793 aut

168 1814 380 1856 annotatio
419 1814 634 1857 luculenta
674 1831 808 1872 neque
847 1818 896 1860 de
930 1819 1054 1860 rebus
1086 1834 1220 1875 neque
1253 1820 1304 1862 de
1335 1821 1475 1863 verbis
1508 1822 1619 1877 apud
1652 1821 1751 1865 Ora-

165 1887 276 1926 tores
307 1888 648 1928 commemoratis
681 1887 850 1942 qualem
883 1902 906 1930 a
938 1891 1029 1931 viro
1062 1893 1203 1932 tantae
1236 1895 1278 1932 et
1311 1894 1399 1933 tam
1435 1891 1607 1934 diffusae
1631 1892 1750 1934 lecti-

166 1957 255 1997 onis
287 1958 327 1997 et
359 1956 608 1998 eruditionis
639 1958 730 1999 iure
762 1961 1080 2014 exspectaveris.
1128 1962 1368 2003 Ἐσπαθοῖτο
1402 1963 1461 2003 ait
1493 1976 1581 2004 esse
1608 1963 1747 2005 άπώλ-

166 2034 263 2067 λυτο
310 2026 424 2078 παρὰ
471 2028 543 2075 την
590 2027 818 2077 σπάθην,
871 2029 1006 2079 σπάθη
1056 2030 1098 2073 δέ
1147 2031 1205 2075 ἔςι
1254 2029 1387 2083 ξίφος.
1466 2032 1745 2075 Notissimam

167 2095 435 2149 ἑωλοκρασίαν
482 2097 593 2152 apud
639 2097 965 2142 Demosthenem
1013 2114 1110 2158 pag.
1159 2101 1260 2142 242.
1313 2101 1382 2144 13.
1425 2103 1744 2158 interpretatur:

167 2164 279 2213 οὗτος
309 2168 406 2219 χθὲς
440 2168 507 2209 καὶ
542 2167 670 2221 πρῴην
704 2164 731 2211 ἃ
766 2171 931 2222 ἐκέρασε
965 2171 1204 2223 πράγματα
1236 2172 1407 2224 τήμερον
1434 2189 1512 2223 μου
1544 2180 1745 2226 καταχεῖ.

225 2244 489 2289 Λυκιουργεῖς
542 2238 720 2290 Δίδυμος
765 2244 866 2291 φησι
911 2243 986 2288 τὰς
1033 2242 1108 2284 ὑπὸ
1156 2243 1307 2285 Λυκίου
1355 2246 1745 2295 κατεσκευασμένας

164 2308 326 2362 φιάλας
358 2312 428 2351 τοῦ
465 2308 653 2361 Μύρωνος
687 2311 785 2352 υἱοῦ.
849 2311 1086 2369 Redarguit
1125 2327 1307 2356 errorem
1339 2314 1642 2370 Harpocration
1665 2330 1747 2359 non

163 2393 238 2421 suo
278 2378 417 2422 Marte
459 2379 530 2422 sed
570 2380 837 2423 Athenaeum
882 2384 995 2439 (pag.
1039 2382 1158 2441 486.)
1194 2384 1438 2440 compilans.
1504 2384 1616 2428 Satis
1647 2390 1745 2430 nota

162 2452 280 2492 erant
310 2453 452 2492 tamen
482 2451 796 2507 Ἀττικουργής,
831 2454 1148 2509 Κορινθιουργής,
1182 2455 1441 2506 Ναξιουργής
1460 2487 1471 2506 ,
1514 2457 1740 2512 Χιουργησ,

161 2520 486 2575 Μιλησιουργής,
533 2522 807 2573 Ῥηνιουργής,
852 2527 893 2565 et
940 2525 1051 2580 apud
1101 2526 1406 2568 Anacreontem
1455 2526 1741 2578 Καρικοεργέος

163 2590 334 2642 ὂχανου,
390 2594 432 2633 et
483 2591 561 2632 hoc
602 2593 743 2647 ipsum
787 2597 1039 2647 Λυκιουργής
1083 2596 1194 2651 apud
1236 2595 1501 2639 Herodotum
1543 2596 1633 2639 VII.
1670 2596 1739 2641 76.

163 2661 386 2713 προβόλους
421 2661 487 2703 δύο
520 2663 810 2713 Λυκιοεργέας.

224 2731 326 2784 Quis
369 2733 475 2774 serio
506 2732 647 2774 credat
677 2733 744 2774 τὸν
777 2735 955 2777 κάτωθεν
989 2734 1107 2785 νόμον
1141 2737 1251 2793 apud
1282 2736 1608 2780 Demosthenem
1640 2753 1738 2796 pag.

165 2800 266 2844 629.
302 2801 368 2844 16.
403 2802 662 2858 appellatum
690 2817 777 2847 esse
805 2806 859 2847 iis
887 2805 937 2848 de
963 2808 1123 2858 causis,
1153 2821 1255 2862 quas
1281 2806 1494 2864 Didymus
1521 2813 1741 2859 tamquam

165 2871 491 2924 αὖτοσχεδιοέζων
532 2876 614 2915 tres
655 2876 1016 2928 comminiscitur,
1068 2891 1174 2933 quae
1221 2891 1366 2919 omnes
1411 2879 1567 2933 pariter
1613 2878 1740 2921 falsae
