1946 3298
862 146 942 188 131

179 269 380 310 Libanius
421 266 474 308 II.
519 266 619 310 277.
663 271 701 311 8.
747 270 816 311 καὶ
860 273 929 312 οὐκ
973 271 1217 323 αἰσχύνεται
1261 272 1436 324 πόλεμον
1481 277 1683 328 αἰρόμενος

119 340 212 390 πρὸς
255 338 347 384 τοὺς
391 338 522 379 οὐκέτι
565 344 710 380 λυττεῖν
752 346 824 381 OT
860 343 1167 392 ΔΤΝαμένους.
1230 343 1457 386 Manifesto
1488 349 1687 392 mendosa

117 410 219 451 haee
268 411 474 464 scriptura
521 413 595 451 est.
658 410 793 452 Periit
839 426 922 454 una
969 413 1149 469 syllaba.
1213 413 1317 470 Leg.
1364 414 1495 456 οὐκέτι
1542 424 1686 460 λυπεῖν

119 485 311 521 ΟΥΔΕΝ
343 478 596 529 δυναμένους.

176 550 295 592 Idem
336 551 494 591 vitium
536 551 809 592 eximendum
848 567 946 610 pag.
991 552 1093 597 287.
1138 552 1206 596 13.
1252 554 1414 607 πότερον
1451 554 1684 606 ἄμεινον-

118 620 276 672 ἰσχύειν
307 620 328 668 ἢ
361 627 447 662 ΜΗ
482 622 744 671 ΔΎΝασθαι;
779 623 866 665 imo
898 637 1020 666 vero:
1055 625 1077 673 ἢ
1111 630 1290 674 μηΔΕΝ
1323 624 1530 669 δύνασθαι.

177 759 457 802 Manifestum
502 768 692 802 tenemus
735 761 946 804 emblema
986 777 1086 820 pag.
1127 763 1228 806 290.
1265 764 1305 806 5.
1338 766 1372 807 οἱ
1407 765 1472 807 τὸν
1503 766 1690 818 ἱππόδρο-

118 846 192 880 μον
225 833 498 881 γεωργοῦντες
539 828 610 886 [οἷς
639 832 816 873 ἐντεῦθεν
843 832 1061 889 ἀργύριον]
1111 832 1354 891 Corrumpit
1384 835 1574 892 lepidum
1608 838 1690 880 dic-

117 904 211 943 tum
244 901 400 958 frigida
431 903 733 956 interpretatio.

176 1042 281 1098 Pag.
327 1040 426 1082 291.
471 1039 542 1082 20.
575 1040 624 1082 ἑὶν
657 1042 715 1091 μὴ
747 1043 937 1094 φεύγιᾳτε
969 1044 1024 1085 τοὶ
1057 1044 1214 1095 βιβλία
1244 1047 1347 1097 μηδὲ
1381 1047 1472 1095 ἡδίω
1501 1047 1689 1101 νομίζητε

117 1112 267 1153 τούτων
309 1107 336 1153 ἃ
371 1115 435 1152 νῦν
468 1111 634 1158 διῆλθον.
698 1111 870 1170 Corrige
902 1120 1045 1156 νυνΔΗ
1078 1117 1140 1170 (id
1172 1120 1234 1158 est
1266 1118 1403 1167 ὀλίγον
1436 1117 1687 1172 ἔμπροσθεν).

117 1183 283 1231 διῆλθον.
348 1181 517 1237 Optime
559 1180 716 1225 Graece
755 1183 979 1226 dicendum
1026 1190 1089 1228 est
1136 1188 1228 1235 ἡδίω
1278 1194 1451 1232 -ΤΩΝ
1499 1188 1526 1233 ἃ
1576 1191 1688 1240 νυνδὴ

115 1254 282 1303 διῆλθον.

176 1396 379 1437 Libanius
412 1394 468 1436 Π.
505 1393 604 1435 295.
639 1394 710 1437 25.
744 1394 856 1437 τοῦτ’
892 1396 978 1446 ἐμοὶ
1010 1397 1087 1444 τοὶς
1121 1398 1280 1446 πολλὰς
1313 1400 1390 1446 τας
1421 1405 1486 1443 νῦν
1509 1402 1686 1453 ἀθυμίας

115 1467 312 1518 ἐκβαλΗΙ
361 1471 433 1513 τῆς
482 1468 635 1516 ψυχῆς.
702 1466 805 1517 Quis
848 1480 930 1508 non
977 1468 1091 1509 videt
1139 1469 1334 1519 ἐκβαλΕΙ
1383 1485 1470 1514 esse
1511 1473 1688 1516 verum?

116 1537 262 1579 Solent
305 1537 467 1578 librarii
514 1561 536 1566 -
559 1543 608 1577 ΕΙ
652 1538 696 1577 in
731 1562 755 1568 -
776 1543 830 1578 HI
866 1543 1124 1594 convertere,
1159 1540 1209 1582 de
1241 1555 1322 1597 qua
1354 1556 1397 1584 re
1428 1544 1536 1587 infra
1567 1544 1690 1600 plura

113 1608 261 1650 dicam.

171 1748 275 1804 Pag.
311 1746 410 1789 298.
445 1747 484 1788 5.
518 1747 939 1799 παραδοθήσεσθαι-
961 1749 1183 1800 ὑπομένειν.
1214 1753 1304 1795 imo
1332 1768 1430 1797 vero
1458 1756 1688 1807 ὑπομενεῖν.

170 1888 273 1945 Pag.
310 1887 411 1930 301.
446 1887 518 1930 22.
550 1889 617 1929 τὸν
643 1891 818 1929 πλοῦτον
847 1888 1010 1941 ἑτέρωσε
1039 1891 1324 1943 ΚΑταθέμενοι
1352 1909 1474 1938 sensu
1499 1911 1683 1940 vacuum

110 1963 184 2001 est.
249 1959 352 2016 Leg.
385 1959 695 2008 ΜΕταθέμενοι.
732 1963 781 2001 ut
813 1973 912 2016 pag.
948 1959 1048 2002 302.
1085 1961 1122 2003 9.
1159 1964 1405 2013 μεταθέντες
1441 1965 1597 2010 ἄλλοσε
1628 1970 1683 2012 τοὶ

109 2028 417 2080 συνειλεγμένα.

167 2171 272 2227 Pag.
318 2169 414 2213 307.
461 2170 500 2212 5.
545 2169 884 2223 ΟΤΝτυγχοὲνειν
919 2173 1013 2220 ἡμῖν
1046 2173 1159 2217 τινας
1193 2174 1262 2215 οὐκ
1294 2175 1455 2226 ὀλίγους
1487 2176 1589 2221 εἶναι
1621 2181 1681 2223 δο-

108 2244 278 2286 κοῦντας
318 2243 477 2293 φίλους.
541 2241 646 2297 Leg.
692 2241 1036 2294 ’6Ντυγχοένειν,
1085 2243 1129 2284 id
1176 2248 1237 2286 est
1284 2246 1430 2303 vixere,
1477 2253 1682 2295 convenire

109 2311 292 2367 aliquem
320 2312 369 2353 de
396 2312 603 2353 industria
629 2312 744 2353 domi
772 2325 892 2362 suae;
924 2313 1223 2366 συντυγχάνειν
1249 2318 1326 2359 τινί
1353 2322 1416 2360 est
1440 2335 1532 2362 casn
1558 2323 1683 2365 alicui

107 2382 255 2423 obviam
277 2382 403 2437 fieri,
424 2382 606 2438 fortuito
639 2382 813 2423 incidere
843 2382 887 2422 in
917 2383 1098 2438 aliquem.

163 2523 267 2579 Pag.
304 2520 402 2563 308.
438 2521 479 2564 2.
512 2521 548 2562 εἴ
580 2527 647 2562 ΓΕ
679 2522 816 2572 λέγειν
850 2523 1118 2574 βουλομένους
1152 2526 1330 2579 ἐπεῖχον.
1380 2529 1484 2587 Leg.
1516 2533 1548 2574 εἰ
1582 2541 1676 2578 ΚΑΙ

103 2593 240 2644 λέγειν
272 2591 556 2643 βουλομένους.

167 2732 371 2774 Libanius
413 2733 463 2774 de
506 2747 580 2774 sua
624 2746 723 2789 erga
755 2732 982 2788 discipulos
1013 2735 1281 2793 indulgentia
1311 2743 1353 2780 et
1386 2740 1589 2786 facilitate
1620 2745 1676 2787 lo-

107 2817 236 2858 quens
277 2804 338 2844 ita
382 2803 484 2845 dicit
527 2803 644 2846 Tom.
687 2803 736 2844 Π.
775 2803 877 2846 313.
915 2804 982 2846 12.
1018 2807 1122 2853 νέους
1157 2807 1197 2848 δὲ
1230 2810 1325 2860 παρ’
1357 2811 1493 2858 αὐτοῖς
1525 2814 1679 2857 ἀκούων

105 2879 312 2915 reNelA
354 2873 516 2927 τρέφειν
557 2875 626 2915 οὐκ
669 2873 841 2922 ἐποίησα
882 2875 928 2917 τὸ
971 2880 1047 2918 τῶν
1082 2878 1338 2929 ἠδικημένων.
1402 2881 1512 2935 Quid
1543 2884 1678 2943 igitur
