1946 3298
921 130 1004 173 597

175 258 376 300 irritavit.
410 257 635 313 Agesilaus
659 270 888 311 numquam
912 257 1163 297 intermissis
1181 257 1514 311 expeditionibus
1531 256 1744 299 Thebano-

175 341 272 368 rum
300 328 505 368 virtutem
535 329 648 368 acuit
675 340 824 381 eosque
850 325 1037 367 nolentes
1063 329 1104 367 et
1123 327 1278 368 invitos
1300 327 1402 368 belli
1418 327 1591 383 gerendi
1611 330 1744 368 artem

176 397 319 438 docuit
339 397 440 453 (cap.
457 396 526 438 26.
550 397 637 451 11.)
671 397 788 438 Idem
806 397 1070 438 saevissimos
1088 399 1286 451 tyrannos
1304 396 1597 439 Thebanorum
1616 400 1744 439 cervi-

176 467 294 508 cibus
309 468 530 521 imposuit,
546 480 648 521 quos
665 467 814 521 opibus
832 467 974 518 auxit,
998 466 1205 519 praesidio
1223 468 1328 507 arcis
1347 467 1532 508 defendit
1548 470 1589 508 et
1604 468 1744 508 iustis-

175 537 281 578 sima
300 537 422 578 caede
439 540 684 578 interemtos
703 538 832 578 etiam
849 536 998 577 ulcisci
1015 539 1187 577 conatus
1205 541 1279 577 est.
1310 536 1427 578 Idem
1451 536 1745 578 Thebanorum

174 607 336 663 legatos
366 607 453 663 (22.
474 606 532 663 4.)
565 606 862 648 contumeliose
879 606 1028 647 habuit
1046 608 1087 646 et
1103 606 1242 660 ipsum
1263 605 1597 660 Epaminondam
1615 621 1745 661 quum

175 676 368 732 Spartam
410 677 577 729 legatus
619 678 802 719 venisset
847 675 934 731 (28.
972 674 1044 731 9.).
1109 674 1293 717 Conatus
1326 679 1388 717 est
1420 675 1639 731 Sophista,
1675 677 1748 731 qui

176 748 336 788 laudem
367 746 550 802 Aqesilaz'
580 747 824 800 conscripsit
857 760 952 787 eum
987 747 1045 786 sic
1073 759 1268 787 excusare
1294 749 1343 786 ut
1373 746 1547 788 diceret:
1578 746 1635 798 (2.
1657 745 1746 800 23.)

177 818 232 859 τοὶ
265 818 338 868 μὲν
372 817 417 865 δη
445 818 568 868 μέχρι
596 817 738 858 τούτου
767 818 906 872 (usque
933 818 988 856 cccl
1016 815 1268 857 Leuctricam
1294 815 1463 872 cladem)
1491 822 1596 869 κοινῇ
1627 815 1748 863 αὐτός

177 904 223 929 τε
272 888 338 929 καὶ
384 888 404 935 ἦ
448 887 563 933 πόλις
607 887 795 937 εὐτύχει·
837 884 911 927 ὅσα
957 902 1009 935 γε
1052 886 1130 934 μην
1173 886 1284 935 μετα
1331 889 1469 926 ταῦτα
1503 886 1746 938 σφάλματα

177 957 337 1008 ἐγένετο
383 958 508 1003 οὐδεὶς
550 956 599 998 ἂν
633 955 734 997 εἴποι
768 958 815 1002 ὡς
852 954 1106 1005 Ἀγησιλάου
1139 959 1508 996 ἩΓΟΥΜΕΞΝΟΥ
1544 955 1745 1007 ἐπράχθη.

176 1027 268 1069 Hoc
309 1028 480 1083 quidem
523 1040 646 1068 nemo
681 1027 815 1074 dicet,
846 1040 1027 1080 namque
1059 1040 1189 1080 quum
1221 1025 1297 1067 illa
1327 1029 1571 1082 gererentur
1601 1027 1750 1082 Agesi-

176 1097 269 1139 laus
301 1099 488 1154 graviter
520 1100 739 1153 aegrotans
773 1096 1074 1144 decumbebat,
1109 1096 1179 1137 sed
1198 1096 1381 1136 dubitari
1398 1109 1479 1136 non
1496 1101 1632 1151 potest
1650 1099 1750 1151 quin

177 1168 361 1210 exitialis
402 1167 505 1209 belli
547 1167 659 1209 solus
691 1166 910 1219 Agesilaus
944 1172 1087 1208 auctor
1119 1170 1160 1207 et
1191 1166 1382 1207 turbator
1414 1167 1552 1208 fuerit.
1617 1166 1751 1208 Offen-

177 1253 246 1281 sus
289 1240 335 1280 in
374 1237 550 1280 concilio
593 1236 794 1289 παρρησία
836 1236 1148 1291 Epaminondae
1189 1236 1302 1280 εὐθὺς
1346 1235 1538 1289 ἐξήλειψε
1586 1236 1631 1278 τὸ
1672 1241 1747 1278 τῶν

179 1309 374 1360 Θηβαίων
410 1308 534 1358 ὄνομα
568 1312 639 1354 τῆς
675 1307 824 1358 εἰρήνης
859 1306 927 1347 καὶ
961 1312 1125 1357 προεῖπε
1155 1306 1333 1355 πόλεμον
1362 1308 1499 1354 αὐτοῖς
1525 1306 1611 1361 (28.
1634 1308 1746 1363 lO.)‚

177 1384 219 1421 et
261 1379 444 1421 Prothoo
487 1378 753 1420 dissuadente
795 1379 864 1418 οὐκ
908 1377 1051 1424 οὶνῆκεν
1087 1378 1103 1418 ὁ
1137 1378 1388 1426 Ἀγησίλαος
1423 1378 1521 1419 αλλ’
1554 1378 1749 1427 ἐξέπραξε

179 1451 248 1492 τὸν
292 1450 469 1499 πόλεμον
513 1449 685 1501 ἐλπίζων
722 1473 775 1478 -
810 1448 941 1498 καιρὸν
985 1445 1086 1489 εἶναι
1130 1448 1238 1495 δίκην
1283 1448 1431 1497 λαβεῖν
1472 1448 1569 1499 παρ’
1604 1450 1748 1490 αὐτῶν.

184 1521 272 1576 (28.
311 1521 412 1573 22).
463 1520 609 1574 Itaque
641 1533 769 1573 quum
803 1518 1115 1572 Epaminondas
1148 1518 1324 1560 infestus
1357 1518 1528 1573 Spartae
1555 1521 1749 1561 immine-

180 1595 243 1634 ret
286 1591 450 1633 audivit
487 1589 709 1646 Agesilaus
740 1590 877 1630 minas
909 1592 982 1629 τῶν
1017 1588 1210 1637 Θηβαίων
1244 1587 1573 1639 προκαλουμένων
1606 1591 1748 1631 ἐκεῖνον

180 1661 346 1713 ὅνομαςὶ
391 1660 458 1702 καὶ
502 1660 782 1710 διαμάχεσθαι
823 1658 910 1709 περὶ
953 1663 1024 1706 τῆς
1068 1658 1202 1710 χώρας
1254 1658 1514 1709 κελευόντων,
1559 1653 1608 1705 ὃς
1651 1665 1750 1702 τῶν

180 1737 349 1775 κακῶν
399 1730 573 1776 αἴτιός
625 1731 732 1774 ε’ςιν
782 1730 1060 1775 ἐκκαύσας
1109 1728 1198 1769 τὸν
1246 1728 1486 1777 πόλεμον
1535 1729 1624 1780 (31.
1661 1730 1750 1781 14.)

181 1803 291 1859 quod
335 1801 495 1844 bellum
541 1802 603 1842 ira
648 1801 788 1856 magis
835 1813 962 1854 quam
1007 1800 1167 1841 ratione
1215 1804 1454 1854 susceptum
1496 1799 1749 1843 Plutarchus

179 1874 437 1916 demonstrat
468 1870 555 1926 (28.
589 1869 694 1925 26).

238 1944 323 1985 Ubi
355 1941 650 1996 Tissaphernes
685 1941 825 1982 datam
852 1939 978 1981 fidem
1007 1942 1048 1981 et
1074 1939 1368 1981 iusiurandum
1397 1938 1577 1982 violavit
1601 1942 1750 1998 Agesi-

177 2015 271 2057 laus
312 2013 434 2063 μάλα
477 2012 632 2066 φαιδρῷ
676 2013 731 2064 τῷ
779 2012 972 2062 προσώπῳ
1019 2011 1289 2060 ἀπαγγεῖλαι
1338 2009 1610 2063 Τισσαφέρνει
1659 2013 1750 2060 τοὺς

179 2084 370 2137 πρέσβεις
419 2083 627 2126 ἐκέλευσεν
673 2084 722 2128 ὡς
771 2083 926 2129 πολλὴν
971 2079 1093 2132 χάριν
1137 2081 1247 2132 αὐτῷ
1293 2080 1381 2132 ἔχοι
1420 2077 1476 2122 ὅτι
1512 2081 1748 2134 ἐπιορκήσας

182 2156 304 2202 αὐτὸς
351 2157 424 2205 μὲν
464 2154 681 2203 πολεμίους
722 2152 812 2198 τοὺς
857 2152 962 2197 θεοὺς
1005 2151 1226 2205 ἐκτήσατο,
1261 2156 1343 2196 τοῖς
1378 2150 1410 2191 δ’
1439 2150 1616 2199 “Eminet
1650 2169 1750 2205 συμ-

182 2225 346 2277 μάχους
381 2225 564 2272 ἐποίησεν
595 2223 752 2264 Hellen.
786 2222 861 2264 III.
897 2222 935 2263 4.
973 2221 1041 2263 ll.
1107 2221 1217 2273 Quid
1250 2221 1423 2262 dixisset
1455 2222 1679 2277 Agesilaus
1716 2227 1752 2266 si

182 2296 371 2338 Thebani
411 2298 504 2350 post
548 2308 685 2336 arcem
727 2293 820 2335 dolo
853 2292 966 2334 malo
997 2295 1245 2346 occupatam
1275 2291 1428 2332 iisdem
1460 2291 1582 2346 plane
1613 2296 1752 2337 verbis

183 2367 234 2410 ad
277 2380 374 2408 eum
416 2366 483 2406 usi
524 2362 688 2406 essent?
731 2361 757 2404 ὦ
801 2362 1061 2413 Ἀγησίλαε,
1101 2362 1339 2413 ἐπιορκήσας
1374 2361 1496 2407 αὐτὸς
1527 2363 1602 2412 μὲν
1633 2375 1751 2407 πολε-

181 2438 294 2488 μίους
341 2435 431 2483 τοὺς
478 2435 585 2482 θεοὺς
625 2434 799 2488 ἐκτήσω,
842 2439 923 2480 τοῖς
957 2433 996 2474 δὲ
1033 2432 1230 2482 Θηβαίοις
1263 2432 1512 2483 συμμάχους
1546 2434 1751 2483 ἐποίησας.

182 2507 293 2559 Quid
324 2506 570 2562 respondere
602 2506 684 2560 ipsi
716 2504 984 2559 Tissapherni
1017 2505 1222 2558 potuisset
1253 2505 1313 2544 ita
1346 2504 1518 2545 dicenti:
1562 2503 1588 2546 ὦ
1622 2507 1749 2558 Ἀγη-

181 2580 324 2629 σίλαε,
370 2578 438 2619 καὶ
482 2579 619 2628 ἡμεῖς,
663 2576 845 2627 καθάπερ
889 2577 1003 2625 ὑμεῖς
1046 2576 1078 2616 οἱ
1121 2575 1458 2626 Λακεδαιμόνιοι,
1493 2578 1563 2625 την
1596 2580 1752 2630 πρώτην

181 2654 250 2692 τοῦ
284 2652 410 2691 καλοῦ
445 2648 590 2700 μερίδα
621 2650 675 2699 τῷ
709 2653 781 2695 τῆς
815 2647 1005 2697 πατρίδος
1041 2645 1287 2698 συμφέροντι
1321 2647 1489 2694 διδόντες
1523 2648 1613 2690 οὔτε
1645 2666 1751 2699 μαν-

183 2722 351 2770 θάνομεν
383 2718 475 2760 οὔτε
509 2717 740 2768 ἐπιςοὲμεθα
777 2717 927 2759 δίκαιον
960 2716 1064 2758 ἄλλο
1099 2717 1205 2764 πλην
1237 2715 1254 2758 ὃ
1288 2719 1359 2764 την
1389 2718 1596 2768 βασιλέως
1624 2721 1753 2771 αρχην

184 2789 323 2840 αὔξειν
366 2788 589 2842 νομίζομεν.
656 2788 783 2830 Tanti
825 2791 888 2829 est
925 2788 1136 2829 iustitiam
1169 2789 1214 2829 in
1246 2790 1361 2830 omni
1393 2803 1436 2830 re
1468 2791 1557 2832 sive
1593 2791 1758 2844 privata
