1946 3298
930 170 1014 216 547

183 294 262 337 iam
294 302 387 338 ante
418 301 499 339 tota
531 299 645 340 illius
676 299 779 341 ratio
809 299 1032 341 tribunatus
1063 301 1199 342 divisit
1223 301 1412 355 populum
1444 316 1563 342 unum
1588 305 1629 342 in
1657 301 1754 343 dicas

171 373 335 423 partes·
378 374 649 412 obtrectatores
689 376 815 412 autem
859 377 896 412 et
938 372 1067 413 invidi
1107 372 1298 426 Scipionis
1328 372 1458 412 initiis
1477 373 1611 426 factis
1647 389 1671 413 a
1701 375 1753 413 P.

184 441 325 482 Crasso
358 445 396 482 et
428 441 561 495 Appio
598 442 763 483 Claudio
795 446 925 483 tenent
956 443 1214 483 nibilominus
1240 455 1353 485 ILLIS
1382 454 1568 485 MORTUIS
1591 444 1755 484 Senatus

182 512 348 552 alteram
381 517 537 566 partem
575 512 823 553 dissidentem
858 530 881 552 a
912 513 1022 554 nobis
1054 519 1211 555 auctore
1242 515 1406 555 Metello
1439 519 1475 555 et
1506 514 1560 555 P.
1596 513 1757 555 Mucio:

179 597 301 637 neque
345 583 446 623 launo
490 582 789 639 (Scipionem),
833 587 901 638 qui
931 599 1034 624 unus
1056 589 1209 639 potest,
1243 585 1446 626 concitatis
1476 584 1592 625 sociis
1621 591 1659 624 et
1690 599 1755 624 no-

180 656 282 693 mine
324 653 494 702 Latino,
523 654 761 708 foederibus
792 654 973 707 violatis,
1014 655 1235 695 triumviri-s
1265 655 1568 696 seditiosissimis
1599 654 1757 709 aliquid

181 723 352 778 quotidie
393 724 484 764 novi
528 724 798 773 molientibus,
846 724 956 765 bonis
986 725 1084 766 viris
1115 726 1372 780 locupletibus
1397 725 1658 779 perturbatis,
1693 725 1755 765 bis

180 798 258 833 tam
294 793 533 847 periculosis
581 795 692 835 rebus
738 795 942 835 subvenire
977 795 1233 849 patiuntur.”
1294 796 1535 852 Finguntur
1582 795 1684 836 haec
1733 808 1756 836 a

184 863 383 905 Cicerone
416 878 503 905 esse
536 864 648 905 dicta
679 878 784 906 anno
820 864 902 905 129
936 866 1055 907 brevi
1087 870 1183 907 ante
1210 865 1416 920 Scipionis
1442 869 1648 914 mortem,
1675 878 1755 919 quo

181 937 369 989 tempore
410 938 450 975 et
492 934 539 975 P.
586 933 760 976 Crassus
803 935 998 977 Pontifex
1035 935 1253 977 Maximus
1285 939 1327 977 et
1361 937 1520 990 Appius
1553 935 1757 978 Claudius

183 1003 248 1045 Ti.
280 1003 461 1047 Gracchi
490 1018 605 1046 socer
637 1019 686 1046 ex
719 1006 809 1046 vita
840 1007 927 1046 iam
961 1011 1232 1048 excesserant.
1468 997 1472 1001 “

242 1074 354 1116 Satis
401 1078 582 1116 constat:
638 1077 762 1124 „duos
806 1077 1112 1130 sapientissimos
1152 1083 1188 1118 et
1230 1078 1468 1118 clarissimos
1499 1078 1660 1131 fratres
1705 1077 1754 1118 P.

186 1146 364 1186 Crassum
409 1153 446 1186 et
477 1146 524 1186 P.
559 1146 777 1187 Scaevolam
813 1147 873 1188 Ti.
914 1148 1085 1189 Graccho
1118 1154 1294 1189 auctores
1326 1150 1450 1201 lequm
1468 1149 1630 1203 fuisse;
1662 1150 1755 1187 alte-

181 1232 267 1257 rum
300 1216 452 1271 quidem
486 1241 539 1247 —-
569 1218 725 1270 palam,
759 1218 927 1258 alterum
959 1244 1017 1248 -—
1049 1218 1287 1260 obscurius.''
1349 1219 1435 1260 Cic.
1470 1219 1594 1259 Acad.
1629 1218 1682 1260 II.
1713 1217 1752 1260 5.

185 1287 441 1329 Plutarchus
484 1286 523 1328 9.
570 1287 609 1329 1.
655 1288 801 1329 scribit
848 1289 996 1330 Tiberio
1036 1295 1211 1330 auctores
1248 1293 1370 1342 leyum
1390 1289 1530 1343 fuisse
1550 1289 1756 1343 principes

183 1359 226 1399 in
268 1373 348 1412 rep.
392 1362 516 1407 viros,
550 1356 598 1399 ὧν
632 1359 699 1399 uu)
737 1359 916 1407 Κράσσος
952 1357 995 1407 ἦν
1028 1360 1044 1400 ὁ
1076 1360 1287 1411 ἀρχιερεὺς
1323 1359 1389 1400 ua}
1423 1359 1596 1406 Μούκιος
1630 1367 1754 1401 Euaz-

180 1428 313 1477 βάλοις
363 1429 379 1470 0‘
428 1429 683 1477 νομοδείκτης
734 1429 944 1471 ὑπατεύων
993 1430 1086 1472 τότε
1129 1434 1250 1486 (anno
1296 1429 1399 1482 133)
1443 1430 1510 1471 nal
1555 1430 1753 1476 Κλαύδιος

176 1500 359 1541 ’Ἄππιος
395 1500 411 1540 ὂ
445 1500 613 1549 nubes-2⁸45
646 1504 715 1542 τοῦ
751 1501 955 1552 Τιβερίου.

239 1570 288 1611 Ρ.
333 1570 506 1612 Crassus
549 1574 611 1612 est
651 1571 700 1612 P.
745 1571 935 1613 Licinius
978 1572 1152 1614 Crassus
1193 1573 1420 1614 Mucianus
1454 1571 1616 1629 (consul
1649 1586 1754 1614 anno

183 1640 284 1697 131)
331 1640 460 1682 frater
505 1641 710 1683 naturalis
750 1642 797 1683 P.
832 1642 969 1684 Mucii
1002 1642 1227 1685 Scaevolae
1260 1644 1460 1697 (consulis
1494 1657 1599 1685 anno
1634 1642 1752 1694 133).

178 1711 228 1753 P.
276 1711 451 1754 Crassus
500 1713 714 1762 „aduersus
761 1713 1031 1754 Aristonicum
1078 1715 1229 1756 Consul
1267 1730 1383 1769 quum
1425 1715 1526 1756 idem
1560 1715 1758 1769 Pontifea·

181 1783 383 1825 Masi-imus
425 1787 521 1824 esset
555 1808 608 1813 —
643 1788 754 1824 extra
796 1784 959 1824 Italiam
993 1786 1196 1838 profectus
1230 1785 1325 1826 est.''
1390 1785 1487 1828 Liv.
1522 1786 1650 1840 Epist.
1684 1785 1754 1826 59.

176 1855 221 1895 in
264 1867 344 1908 quo
386 1853 496 1896 bello
540 1868 646 1896 anno
687 1853 771 1896 130
815 1856 954 1909 periit.
1019 1855 1161 1897 Huius
1203 1856 1336 1898 filiam
1380 1857 1428 1899 C.
1463 1856 1678 1899 Gracchus
1709 1856 1754 1896 in

176 1926 448 1966 matrimonio
480 1925 677 1967 habebat.

236 1994 415 2038 Senatus
448 1998 630 2051 specioso
663 1996 788 2038 titulo
822 1996 1048 2039 Consulem
1083 1998 1281 2040 Crassum
1316 1999 1504 2042 Graccho
1541 2000 1753 2041 faventem

176 2081 225 2108 ex
258 2066 383 2109 Italia
414 2067 580 2108 dimisit
611 2068 655 2108 in
688 2068 833 2108 Asiam
868 2071 910 2109 et
943 2069 1001 2109 sic
1035 2082 1058 2110 a
1089 2083 1174 2124 rep.
1206 2070 1439 2120 submovit,
1474 2069 1753 2123 similiterque

177 2151 283 2179 anno
319 2137 403 2179 125
436 2137 495 2178 M.
529 2137 730 2179 Fulvium
766 2137 964 2180 Flaccum
997 2138 1225 2181 Consulem
1258 2142 1403 2183 turbas
1433 2143 1477 2183 in
1503 2141 1617 2182 Urbe
1644 2141 1754 2181 cien-

176 2211 264 2250 tem
296 2207 636 2250 Massiliensibus
667 2210 711 2249 in
744 2208 953 2250 auxilium
987 2211 1122 2251 misit.

237 2348 302 2391 Ti.
323 2385 325 2387 .
347 2347 528 2391 Gracchi
570 2348 611 2390 8.
655 2348 724 2390 19.
758 2349 877 2395 Γάϊος
912 2349 1084 2396 Λαίλιος
1121 2376 1174 2382 -—
1210 2352 1409 2401 ἐπεκλήθη
1443 2354 1567 2400 σοφὸς
1601 2354 1622 2402 ἢ
1657 2353 1753 2405 Φρό-

176 2434 305 2470 νιμος·
355 2419 541 2467 ἑκάτερον
590 2419 672 2470 γὰρ
722 2418 876 2461 Ἐδόκει
924 2421 1135 2467 σημαίνειν
1182 2422 1199 2463 ὁ
1245 2423 1427 2469 σοιπιένς.
1501 2424 1749 2481 Legendum

175 2491 284 2533 δοκεῖ
314 2504 387 2545 pro
424 2490 570 2539 ἐδόκει,
605 2490 792 2531 nondum
826 2491 941 2531 enim
974 2504 1075 2532 usus
1105 2491 1303 2546 loquendi
1336 2497 1425 2535 erat
1455 2499 1669 2544 mutatus,
1711 2500 1752 2538 et

174 2565 330 2615 sapiens
374 2564 509 2603 aetate
555 2560 768 2602 Plutarchi
814 2559 1080 2617 significabat
1120 2562 1235 2604 idem
1273 2564 1382 2618 quod
1416 2569 1537 2607 antea
1569 2566 1694 2617 σοφὸς
1727 2566 1747 2614 ἢ

174 2632 378 2684 Φρόνιμος.

236 2770 299 2813 Ti.
334 2769 511 2814 Gracch.
547 2770 613 2812 10.
654 2770 721 2813 18.
757 2771 865 2813 οὐδὲν
898 2772 1024 2813 εἰπεῖν
1055 2771 1250 2824 λέγονται
1284 2774 1371 2826 περὶ
1404 2774 1597 2823 ἀλλήλων
1628 2778 1750 2828 <pab-

177 2852 280 2884 λον.
346 2842 409 2883 Ex
452 2843 613 2897 optimo
652 2841 804 2884 Codice
846 2847 1012 2898 recepta
1044 2847 1107 2886 est
1140 2847 1293 2886 vitiosa
1324 2845 1450 2887 lectio
1483 2850 1645 2898 φαῦλον
1676 2861 1750 2901 pro

178 2911 375 2966 φλαυρόν.
443 2916 602 2955 Φοιῦλον
635 2914 743 2954 enim
782 2916 844 2954 est
877 2913 1063 2965 εὐτελές,
1095 2915 1165 2957 sed
1193 2915 1375 2968 Φλοιυρόν
1404 2916 1525 2957 nauhu
1553 2917 1573 2964 ἢ
1601 2918 1754 2969 μοχθη-
1812 2905 1817 2909 ⁴

1515 2986 1574 3017 35*
