1946 3298
901 174 985 220 535

215 302 320 360 Pag.
354 302 440 346 8¹70
455 304 503 358 f.
537 304 554 344 ὁ
586 303 874 354 Ἀδείμαντος,
917 299 943 354 ᾧ
987 306 1143 346 πλεῖς-α
1185 300 1479 353 λοιδορούμενος
1519 296 1721 354 Ἡρόδοτος

157 371 342 416 διατελεῖ
379 373 446 415 καὶ
490 373 622 424 λέγων
669 377 836 424 υμοῦνον
872 371 1105 424 ἈΠΑΙρειν
1137 377 1213 413 τῶν
1246 376 1459 423 ςρατηγῶν
1490 373 1540 418 ὡς
1574 370 1724 424 φευξό-

154 459 272 493 μενον
303 445 379 485 ἀπ’
413 444 668 496 Ἀρτεμισίου
702 444 768 485 καὶ
802 444 860 493 μη
893 442 1223 494 περιμενοῦντα”.
1285 442 1367 484 Pro
1393 442 1570 484 absurdo
1597 442 1725 483 άπαί-

156 529 233 565 ρειν
264 515 572 557 restituendum
604 529 654 557 ex
685 514 898 556 Herodoto
931 513 1043 555 VIII.
1082 512 1150 554 15.
1185 516 1325 563 μοῦνον
1357 512 1617 565 ἈΟΠαίρειν.

218 654 324 711 Pag.
374 654 461 698 874
495 659 528 696 b.
579 655 671 704 ήδὺς
719 655 736 696 o‘
778 655 899 705 λόγος
950 655 1174 711 (Herodoti)
1224 654 1290 695 καὶ
1334 653 1457 706 χάρις
1502 652 1614 697 ἔπεςι
1659 652 1726 693 καὶ

159 724 390 771 ΔΕΙΝότης
423 725 490 766 καὶ
524 723 603 776 ὥρα
636 730 718 771 τοῖς
752 725 1012 775 διηγήμασιν.
1063 724 1197 775 Quem
1229 738 1310 765 non
1343 724 1521 766 offendat
1553 721 1725 770 δεινότης

158 795 299 837 media
338 797 448 837 inter
477 796 599 847 χάριν
632 799 672 837 et
704 793 829 847 ε’όρανῖ
891 795 1048 836 Verum
1080 794 1188 836 vidit
1219 793 1498 835 Ruhnkenius
1531 795 1574 836 in
1607 805 1730 834 anno-

157 865 315 907 tatione
361 865 443 907 ΜΒ.
493 879 693 919 reponens
741 865 808 906 καὶ
859 865 1072 912 ΛΕΙότης,
1121 873 1170 905 ut
1216 865 1261 905 in
1308 878 1394 919 sqq.
1445 862 1729 915 βλασφημίαν

159 941 349 977 ΛΕΙΟΙΟ
381 935 448 976 καὶ
482 935 662 980 άπαλοῖς
695 937 911 986 σχήμασιν
944 934 1243 976 ὑποδεδυκυῖαν.

219 1076 322 1134 Pag.
359 1076 446 1119 874
473 1092 504 1118 ο.
549 1080 687 1118 ταῦτα
732 1076 799 1118 καὶ
845 1081 964 1124 κηλεῖ
1004 1075 1072 1117 καὶ
1117 1073 1372 1127 προσάγεται
1412 1073 1598 1124 πάντας,
1634 1073 1730 1114 ἀλλ’

161 1145 293 1199 ὥσπερ
327 1148 365 1189 ἐν
397 1146 516 1200 ῥόδοις
560 1147 622 1188 δεῖ
660 1152 990 1189 ΚΑΝΘΛΡΙΔΑ
1025 1145 1311 1196 φυλάττεσθαι
1345 1147 1416 1193 τήν
1449 1143 1731 1196 βλασφημίαν

164 1242 220 1249 —
255 1218 554 1259 ὑποδεδυκυῖαν.
612 1217 722 1269 Quid
753 1218 835 1259 sibi
868 1217 962 1259 vult
993 1218 1037 1258 in
1069 1216 1147 1258 tali
1179 1217 1489 1272 comparatione
1520 1212 1734 1266 κανθαρίςῖ

162 1287 245 1330 Res
276 1290 366 1343 ipsa
398 1288 515 1330 ducit
546 1287 597 1330 ad
629 1286 759 1338 ὥσπερ
795 1288 832 1328 ἐν
865 1287 984 1341 ῥόδοις
1014 1287 1076 1329 δεῖ
1093 1287 1394 1328 ”ΑΙ<ΑΝΘΑΝ
1424 1284 1733 1338 φυλάττεσθαι,

163 1362 237 1400 aut
280 1358 343 1400 δεῖ
382 1365 495 1401 TAC
537 1360 821 1400 ἈΚΑΝΘΑΟ
861 1357 1174 1410 φυλάττεσθαι,
1219 1357 1367 1399 deinde
1405 1356 1552 1412 supple
1583 1357 1737 1398 omissa

163 1429 280 1486 (οὕτω
316 1429 383 1471 καὶ
418 1431 457 1471 ε’ν
491 1436 540 1483 τῇ
575 1429 781 1481 Ἡροδότου
814 1427 941 1484 λέξει)
973 1429 1044 1476 την
1075 1429 1374 1481 βλασφημίαν.

222 1571 339 1614 Haec
387 1574 485 1613 sunt
524 1570 744 1613 Plutarchi
785 1571 830 1612 in
870 1568 1133 1612 Herodotum
1176 1569 1353 1610 crimina
1395 1570 1436 1609 et
1479 1566 1770 1625 calumniae„

164 1643 316 1697 quibus
357 1642 494 1684 multo
535 1643 672 1698 magis
714 1655 835 1683 suam
868 1640 1047 1687 εὐήθειαν
1082 1639 1310 1681 declaravit
1343 1652 1470 1693 quam
1500 1638 1735 1685 κακοήθειαν

163 1712 390 1763 Herodoti,
436 1712 723 1754 candidissimi
757 1710 1017 1753 mortalium.
1082 1709 1145 1751 De
1177 1710 1361 1751 oratione
1394 1711 1434 1750 et
1465 1709 1603 1750 verbis
1635 1711 1736 1751 satis

164 1783 371 1833 diximus,
405 1786 564 1825 restant
595 1782 800 1837 quaedam
833 1781 882 1823 de
914 1781 1038 1822 rebus
1071 1779 1317 1822 annotanda.

222 1854 476 1896 Plutarchus
522 1853 702 1895 habebat
748 1852 799 1894 ad
846 1865 1021 1893 manum
1068 1850 1281 1892 Herodoto
1324 1850 1577 1904 antiquiores
1620 1859 1736 1900 λογο-

164 1925 320 1972 ποιούς,
365 1929 406 1966 et
445 1923 575 1966 semel
606 1924 845 1977 iterumque
875 1921 1017 1963 locum
1050 1935 1100 1962 ex
1133 1918 1320 1962 Charone
1352 1919 1635 1974 Lampsaceno
1669 1920 1735 1962 de-

165 1997 330 2051 scripsit
369 2009 467 2051 pag.
501 1993 586 2035 859
616 1994 650 2034 b.
695 1992 833 2044 Χάρων
872 1992 888 2033 ὂ
922 1991 1209 2042 Λαμψακηνὸς
1243 2015 1296 2020 -
1331 1990 1450 2031 ταυτὶ
1484 1991 1594 2031 κατά
1628 1990 1736 2040 λέξιν

165 2067 381 2119 γέγραφε·
425 2064 646 2116 „Haemona
680 2063 720 2104 δὲ
751 2065 801 2110 ὠς
837 2062 1004 2104 ἐπύθετο
1037 2060 1362 2112 προσελαύνοντα
1395 2061 1462 2101 τὸν
1493 2061 1638 2111 ςρατὸν
1670 2062 1737 2103 τὸν

165 2136 356 2190 Περσικὸν
399 2136 528 2190 ᾤχετο
571 2135 739 2187 φεύγων
782 2133 871 2185 άρτι
916 2134 989 2183 μὲν
1035 2133 1089 2179 εἷς
1134 2131 1393 2180 Μυτιλήνην,
1431 2129 1574 2172 ἔπειτα
1608 2131 1648 2172 δὲ
1681 2131 1737 2178 εἷς

168 2208 281 2250 Χίον·
315 2207 383 2249 καὶ
418 2208 541 2248 αὐτοῦ
576 2205 771 2257 ἐκράτησε
800 2204 963 2256 Κῦρος.”
992 2207 1032 2246 et
1060 2217 1157 2259 pag.
1183 2201 1267 2243 861
1288 2203 1325 2243 cl.
1353 2204 1421 2242 τοῦ
1445 2205 1737 2253 Λαμψακηνοῦ

166 2278 345 2331 Χάρωνος
378 2302 436 2309 -
464 2276 693 2329 γράφοντος
735 2275 846 2317 κατα
889 2273 1010 2324 λέξιν·
1078 2273 1306 2323 ,,Ἀθηναῖοι
1341 2271 1379 2313 δὲ
1414 2271 1535 2312 εἴκοσι
1568 2272 1738 2324 τριήρεσι

166 2347 373 2391 ἔπλευσαν
416 2347 735 2399 ἐπικουρήσοντες
777 2350 878 2386 τοῖσι
916 2346 1028 2386 Ἴωσι
1070 2343 1137 2385 καὶ
1182 2343 1221 2389 ἐς
1264 2341 1409 2394 Σάρδις
1443 2341 1738 2392 ε’ςρατεύσαντο

165 2419 233 2461 καὶ
267 2416 371 2460 εἷλον
404 2421 459 2460 τα
493 2417 579 2469 περὶ
610 2416 756 2468 Σάρδις
783 2415 952 2457 ἅπαντα
977 2414 1100 2466 χωρὶς
1125 2417 1193 2454 τοῦ
1221 2413 1380 2464 τείχεος
1405 2415 1474 2453 τοῦ
1498 2413 1739 2462 βασιληίου·

165 2493 304 2532 ταῦτα
338 2490 377 2530 δὲ
411 2491 650 2536 ποιήσαντες
693 2484 1021 2538 ἐπαναχωρέουσι
1057 2485 1094 2530 ἐς
1128 2482 1360 2531 Μίλητον.”
1423 2483 1516 2525 Non
1550 2490 1740 2540 pugnant

165 2561 267 2603 haec
310 2574 407 2601 cum
449 2559 686 2601 Herodotea
727 2557 988 2605 narratione,
1034 2558 1082 2596 ut
1123 2553 1378 2596 Plutarchus
1419 2554 1636 2608 opinatur,
1671 2554 1742 2595 sed

167 2645 272 2686 quae
317 2630 556 2672 Herodotus
605 2629 767 2683 copiose
816 2630 857 2668 et
903 2625 1139 2667 luculenter
1187 2625 1415 2666 memoriae
1464 2623 1648 2678 prodidit
1696 2637 1743 2665 ea

167 2701 334 2744 exiliter
365 2703 406 2742 et
438 2700 578 2741 ieiune
612 2695 777 2739 Charon
808 2695 1009 2737 retulerat
1040 2696 1084 2736 in
1117 2694 1300 2736 annales.

229 2770 442 2826 Quidquid
472 2767 728 2810 Plutarchus
758 2767 859 2808 novi
890 2765 1060 2820 attulit,
1094 2764 1204 2820 quod
1232 2764 1342 2819 apud
1368 2763 1632 2805 Herodotum
1660 2777 1742 2805 non

165 2843 356 2900 legatur,
389 2839 498 2882 nihil
531 2841 594 2880 est
624 2838 669 2878 in
700 2838 752 2878 iis
785 2836 891 2891 quod
921 2836 1010 2878 veri
1036 2837 1218 2891 speciem
1240 2835 1394 2876 habeat
1424 2836 1464 2875 et
1490 2836 1586 2874 sunt
1614 2835 1741 2875 etiam

168 2911 368 2956 nonnulla
408 2909 530 2966 plane
571 2907 763 2951 absurda.
826 2906 874 2948 In
914 2905 1001 2948 illis
1040 2919 1194 2961 ponam
1235 2904 1280 2946 τὸ
1313 2903 1429 2955 μέγα
1462 2902 1530 2944 καὶ
1565 2902 1742 2956 ἀοίδιμον
