1946 3298
434 805 521 852 DE
568 802 780 851 LOCIS
830 801 1270 850 NONNULLIS

612 936 765 979 APUD
796 935 1093 978 POLYBIUM

499 1087 543 1117 IN
575 1086 728 1118 TITULO
762 1080 886 1116 ΠΕΡΙ
921 1078 1200 1117 ΓΝΩΜΩΝ.

648 1285 1096 1313 ψ

130 1475 390 1532 Belegebam
434 1488 566 1529 nuper
609 1483 750 1516 GEELII
787 1474 875 1515 mei
919 1473 1204 1515 annotationes
1245 1473 1288 1514 in
1324 1473 1478 1528 Polybz'i
1509 1473 1643 1514 Histo-

70 1547 223 1588 riarum
264 1549 442 1600 excerpta,
482 1544 671 1586 Vaticana
703 1544 746 1584 in
779 1544 894 1585 titulo
926 1545 973 1584 de
1004 1544 1208 1585 sententiis
1239 1544 1439 1600 Lugduni
1470 1544 1647 1586 Batavo-

70 1631 167 1659 rum
209 1631 315 1658 anno
361 1614 472 1657 1829
517 1615 672 1664 editas,
717 1629 867 1670 easque
909 1629 1006 1657 cum
1048 1614 1232 1657 Bekkeri
1264 1615 1444 1657 editione
1477 1613 1648 1670 Polybii

70 1687 205 1730 Berol.
242 1685 358 1728 1844
390 1686 664 1728 conferebam.

130 1757 244 1800 Inter
269 1757 498 1813 legendum
524 1756 666 1799 videre
692 1756 801 1797 mihi
828 1760 868 1798 et
895 1757 1038 1799 audire
1065 1756 1238 1799 videbar
1254 1758 1393 1798 virum
1406 1757 1646 1813 egregium,

72 1831 116 1871 in
159 1841 239 1883 quo
281 1828 446 1870 dubites
477 1827 625 1882 plusne
658 1827 846 1869 candoris
880 1830 920 1869 et
954 1829 1166 1869 comitatis
1198 1828 1325 1869 fuerit
1358 1841 1410 1869 an
1445 1829 1650 1869 acuminis

73 1903 114 1941 et
153 1899 318 1954 leporis.
382 1898 633 1939 Admirabar
675 1899 884 1954 ingeniosi
926 1900 1007 1940 viri
1050 1898 1208 1939 multas
1249 1897 1391 1940 felices
1434 1901 1476 1939 et
1519 1902 1650 1940 certas

28 1976 41 1983 ²
73 1972 215 2011 textus
256 1968 480 2025 Polybiani
522 1969 858 2018 emendationes,
898 1969 967 2010 sed
1002 1969 1132 2010 simul
1164 1969 1357 2010 dolebam
1389 1968 1559 2025 Polybn
1591 1970 1653 2011 vi-

75 2054 191 2094 cem,
234 2041 352 2081 cuius
395 2041 526 2081 oratio
569 2040 613 2080 in
656 2039 763 2081 Maii
797 2040 977 2081 editione
1010 2043 1097 2081 tam
1130 2040 1328 2081 mendosa
1361 2039 1655 2081 circumfertur

75 2114 123 2152 ut
166 2111 273 2152 bona
311 2124 405 2165 pars
435 2124 569 2164 neque
599 2110 787 2166 intelligi
820 2112 950 2165 possit
982 2109 1070 2151 ullo
1103 2110 1228 2151 modo
1260 2124 1392 2165 neque
1425 2111 1650 2152 emendari.

76 2180 235 2237 Magna
279 2184 340 2222 est
381 2181 553 2237 Polybii
595 2180 813 2222 calamitas
854 2182 969 2235 (nam
1010 2195 1120 2222 nunc
1162 2180 1333 2236 quidem
1374 2194 1472 2223 vera
1520 2181 1654 2222 dicere

75 2251 189 2306 licet)
235 2251 345 2306 quod
370 2249 527 2303 Codex
570 2250 796 2292 Vaticanus
838 2253 1083 2307 rescriptus,
1130 2253 1174 2292 in
1216 2265 1297 2306 quo
1340 2255 1534 2307 excerpta
1565 2250 1652 2303 περὶ

77 2326 244 2373 γνωμῶν
278 2323 563 2371 continentur,
598 2323 642 2362 in
675 2321 782 2363 Maii
814 2336 965 2364 manus
997 2322 1213 2372 inciderit,
1250 2324 1322 2377 qni
1354 2336 1486 2377 quum
1522 2336 1654 2377 neque

77 2394 178 2434 satis
215 2391 376 2435 Graece
418 2393 541 2433 sciret
577 2406 711 2447 neque
743 2391 832 2434 ulla
864 2394 1009 2434 critica
1039 2392 1239 2434 facultate
1270 2392 1452 2441 valeret,
1484 2393 1656 2449 Polybii

76 2463 205 2505 verba
245 2466 309 2504 tot
349 2464 559 2517 tantisque
590 2463 710 2504 vitiis
743 2466 784 2504 et
814 2462 976 2504 lacunis
1009 2467 1201 2518 corrupta
1233 2463 1452 2519 vulgavit,
1486 2467 1535 2504 ut
1564 2462 1658 2504 nul-

77 2532 144 2574 lus
178 2532 285 2574 alius
318 2531 502 2575 Graecus
535 2534 710 2588 scriptor
741 2533 987 2590 Polybianis
1017 2534 1082 2575 his
1115 2535 1320 2590 excerptis
1349 2533 1588 2576 mendosior
1614 2535 1658 2574 in

78 2603 218 2645 lucem
250 2603 465 2658 prodierit.

140 2673 348 2728 Expertus
390 2675 473 2716 scio
513 2687 640 2729 quam
674 2675 854 2717 arduum
886 2678 928 2718 et
961 2688 1110 2730 anceps
1142 2676 1198 2717 sit
1228 2676 1448 2732 negotium
1479 2676 1524 2716 in
1552 2673 1660 2717 libro

82 2744 352 2800 palimpsesto
395 2747 437 2786 et
478 2744 764 2788 chemicorum
806 2748 974 2789 venenis
1009 2746 1163 2788 infecto
1195 2745 1405 2802 fugientes
1436 2745 1661 2788 verborum

83 2815 254 2856 umbras
286 2827 531 2871 agnoscere,
566 2816 636 2857 sed
668 2830 790 2858 nemo
821 2831 1026 2872 umquam
1057 2818 1101 2858 in
1133 2815 1211 2858 tali
1241 2830 1284 2857 re
1311 2816 1411 2857 fecit
1439 2819 1512 2857 aut
1538 2816 1663 2857 faciet

86 2899 232 2941 operae
273 2887 458 2940 pretium
502 2887 574 2941 qui
605 2900 686 2929 non
718 2887 874 2943 ubique
904 2888 949 2929 in
980 2889 1150 2944 promtu
1180 2885 1333 2929 habeat
1364 2887 1466 2942 quid
1498 2885 1666 2931 Graeci-

287 2970 340 3001 11.
1507 2967 1517 2997 ι
