1946 3298
931 160 1016 203 456

429 288 468 329 ἐν
500 284 554 334 οἷς
587 286 604 326 o‘
639 284 745 338 Φρὺξ
775 285 1016 341 Εὔφορβος,
1050 283 1131 333 δ’ςις
1164 286 1374 337 ἀνθρώποις

428 357 605 408 τρίγωνα
639 373 684 398 τε
718 357 903 405 σκαληνα
937 356 1004 397 καὶ
1040 355 1195 398 κύκλων
1229 356 1339 397 ἑπτα

432 427 565 479 ἐξεῦρε
597 429 706 477 μήκη
741 427 935 477 κοὶδίδαξε
969 426 1209 475 νηςεύειν

429 500 506 539 τῶν
538 497 811 548 ἐμπνεόντων·
846 498 877 538 οἱ
912 497 944 538 δ’
978 496 1039 549 ἄρ’
1073 498 1151 550 οὐχ
1186 495 1417 544 ὑπήκουσαν

431 565 630 614 ἅπαντες.

250 637 359 689 Quid
388 639 544 680 sciebat
576 638 626 680 de
658 638 724 680 his
757 639 878 680 rebus
910 635 1223 680 Callimachus?
1256 637 1378 680 Nihil
1408 650 1589 692 prorsus.
1651 634 1762 687 Quid

189 706 448 763 Hermippus
486 709 503 750 ὁ
537 707 880 762 Καλλιμάχειοςὶ)
925 708 1205 751 Tantundem.
1270 708 1384 749 Audi
1428 721 1538 748 nunc
1582 705 1764 748 alterum

190 777 376 819 eiusdem
423 778 610 821 levitatis
659 783 982 836 argumentum:
1032 779 1100 820 καὶ
1149 778 1255 820 ἄλλο
1298 794 1336 819 τι
1387 777 1474 830 περὶ
1526 774 1761 827 Πυθαγόρου

188 846 313 898 Φησὶν
346 848 362 888 o‘
393 849 639 901 Ἵεὶρμιππος.
675 850 790 900 λέγει
828 851 909 902 γαρ
939 851 989 896 ὡς
1023 849 1233 900 γενόμενος
1269 849 1307 890 ἐν
1342 848 1506 902 Ἰταλία
1539 847 1650 889 κατα
1685 851 1763 897 γῆν

190 917 358 959 οἰκίσκον
393 920 555 967 ποιησαι
589 921 657 963 καὶ
692 929 741 973 τῇ
776 921 896 973 μητρὶ
930 921 1154 963 ἐντείλαιτο
1188 920 1244 962 τα
1280 919 1506 971 γιγνόμενα
1541 919 1594 963 εἷς
1624 917 1762 959 δέλτον

189 987 366 1040 γράφειν
411 990 700 1040 σημειουμένην
745 991 812 1032 καὶ
857 994 923 1032 τὸν
965 991 1102 1043 χρόνον
1147 990 1292 1032 ἔπειτα
1338 989 1516 1032 καθιέναι
1560 988 1670 1039 αὐτῷ
1704 987 1762 1032 ἔς’

190 1057 238 1098 ἂν
281 1060 437 1112 ανελθη.
483 1067 604 1102 mater
647 1063 818 1116 (inquit)
841 1063 951 1117 feeit
982 1063 1130 1104 sedulo.
1167 1062 1369 1116 aliquanto
1394 1065 1485 1114 post
1517 1060 1765 1115 Pythaqoras

188 1133 309 1170 macie
352 1132 552 1185 confectus
606 1136 642 1173 et
692 1133 945 1173 cadaverosus
995 1132 1116 1173 rediit
1167 1132 1210 1172 in
1252 1132 1372 1172 lucem
1416 1136 1452 1172 et
1496 1145 1541 1171 em
1589 1129 1685 1170 Oreo
1724 1144 1764 1170 se

190 1201 322 1242 adesse
353 1202 411 1242 ait
445 1207 480 1243 et
511 1203 706 1258 quidquid
742 1203 893 1244 interea
924 1202 1109 1243 evenisset
1139 1202 1186 1242 de
1219 1202 1361 1255 scripbo
1393 1200 1584 1241 recitavit.
1652 1199 1762 1251 Quid

190 1269 452 1314 Crotoniatas
485 1273 536 1314 ad
566 1273 668 1314 haec
700 1273 845 1315 fecisse
877 1270 1025 1328 putas?
1072 1270 1357 1313 Hominemne
1389 1284 1487 1312 cum
1520 1272 1606 1311 suis
1637 1271 1763 1328 nugis

191 1340 389 1384 facessere
421 1341 657 1384 iusserunt?
699 1343 790 1384 Imo
821 1356 919 1385 vero
953 1341 1175 1392 σαινόμενοι
1203 1348 1284 1388 τοῖς
1315 1340 1547 1391 λεγομένοις
1578 1339 1763 1393 ἐδάκρυόν

191 1427 237 1452 τε
278 1412 345 1453 καὶ
389 1412 548 1466 ᾤμωζον
591 1414 659 1454 καὶ
703 1413 885 1456 ἐπίςευον
923 1410 1023 1454 εἶναι
1057 1413 1123 1454 τὸν
1155 1410 1398 1463 Πυθαγόραν
1434 1409 1516 1452 θεόν
1549 1426 1653 1452 τινα.
1718 1409 1764 1451 Si

191 1483 284 1536 quis
316 1482 417 1524 haec
449 1485 555 1525 serio
587 1485 848 1540 argumentis
880 1478 1136 1539 redarguere
1155 1482 1250 1524 vult
1276 1496 1348 1537 per
1373 1496 1442 1524 me
1469 1481 1588 1531 licet,
1619 1495 1765 1535 quam-

191 1564 318 1606 quam
348 1555 449 1595 satis
481 1557 614 1596 semet
645 1555 735 1609 ipsa
757 1554 1029 1610 redarguunt.
1057 1553 1127 1594 sed
1155 1552 1252 1595 vide
1282 1552 1382 1607 quid
1411 1552 1557 1594 addat:
1584 1550 1764 1594 e'ssCTe

192 1622 259 1663 καὶ
303 1623 380 1669 τας
423 1629 624 1673 γυναῖκας
669 1625 777 1676 αὐτῷ
824 1623 1071 1675 παραδοῦναι
1109 1624 1159 1669 ὡς
1190 1623 1257 1664 καὶ
1293 1622 1581 1672 μαθησομένας
1615 1639 1653 1664 τι
1689 1627 1764 1664 τῶν

193 1693 333 1735 αὐτοῦ.
397 1694 577 1737 Meliora
609 1700 650 1736 et
681 1696 864 1745 veriora,
897 1698 946 1736 ut
977 1708 1101 1749 supra
1134 1694 1344 1744 vidimus,
1380 1693 1658 1737 Dicaearchus
1689 1707 1763 1736 nos

193 1763 359 1818 docuit,
392 1769 441 1807 ut
474 1769 622 1807 testem
655 1764 780 1807 nihili
810 1768 904 1807 tuto
937 1766 1106 1807 reiicere
1139 1765 1362 1819 possimus.

252 1834 452 1878 Mirabile
497 1837 627 1891 possit
674 1835 801 1877 alicui
848 1835 982 1877 videri
1029 1845 1335 1877 GALLIMACHUM
1388 1836 1766 1891 grammaticorum

192 1905 486 1948 doctissimum
518 1906 625 1948 nihil
650 1907 695 1947 in
717 1906 784 1948 his
806 1906 977 1956 vidisse5
1007 1905 1078 1947 sed
1106 1904 1393 1946 Callimachus
1425 1907 1497 1960 qui
1525 1904 1765 1957 γράμματα

192 1974 316 2018 πόλλ’
350 1974 522 2018 εἶ’λισσεν
557 1976 802 2029 ἀπόκρυφοι,
848 1977 946 2018 hinc
976 1976 1026 2017 de
1059 1975 1267 2016 industria
1298 1989 1405 2017 nova
1439 1980 1480 2017 et
1514 1975 1693 2018 mirifica
1725 1981 1765 2019 et

192 2045 406 2098 παράδοξα
448 2048 719 2102 potissimum
762 2046 986 2103 colligebat
1016 2046 1211 2100 idemque
1245 2059 1341 2087 suos
1373 2046 1600 2101 discipulos
1632 2047 1765 2090 facere

193 2117 347 2159 docuit.
411 2117 638 2173 Hermippi
680 2118 934 2159 testimoniis
977 2130 1103 2171 quam
1141 2120 1260 2158 caute
1294 2117 1349 2157 sit
1381 2117 1588 2159 utendum
1620 2118 1689 2161 vel
1719 2119 1766 2160 hi

192 2189 273 2231 duo
313 2188 396 2230 loci
430 2188 652 2230 declarant.
717 2186 798 2230 Sed
830 2187 1002 2242 (dixerit
1033 2186 1203 2243 aliquis)
1240 2187 1350 2241 quod
1382 2187 1643 2243 Hermippus
1674 2202 1764 2231 nar-

191 2263 274 2309 rat,
311 2259 425 2301 idem
457 2259 508 2301 ad
538 2258 755 2314 Sophoclis
783 2271 902 2300 aures
927 2258 1163 2312 pervenisse
1191 2258 1413 2308 novimus,
1445 2261 1517 2313 qui
1543 2261 1588 2301 in
1604 2260 1764 2301 Electra

195 2329 298 2371 dicit
328 2345 389 2374 vs.
425 2328 495 2373 62.

462 2402 532 2450 ἤδη
567 2401 648 2453 γὰρ
680 2397 782 2444 εἶδον
816 2398 1016 2449 πολλάκις
1050 2399 1118 2443 καὶ
1152 2399 1244 2448 τοὺς
1280 2399 1431 2454 σοφοὺς

463 2471 574 2522 λόγῳ
605 2471 742 2522 μάτην
773 2473 1036 2520 θνήσκοντας·
1071 2470 1140 2514 εἷθ’
1174 2470 1272 2514 ὅταν
1305 2471 1449 2523 δόμους

463 2539 623 2582 ἔλθωσιν
657 2540 765 2588 αὖθις
799 2542 1085 2592 ἐκτετίμηνται
1119 2542 1256 2584 πλέον.

191 2612 462 2674 grammatici
499 2610 794 2662 Alexandrini,
839 2614 910 2667 qui
940 2612 1167 2668 Hermippi
1199 2612 1362 2655 fabulas
1395 2611 1606 2669 legerant,
1641 2624 1763 2654 anno-

190 2690 353 2730 tarunt:
392 2681 632 2733 Πυθαγόρας
661 2680 872 2732 καθείρξας
897 2683 1038 2724 ἑαυτὸν
1064 2684 1101 2724 ἐν
1129 2682 1301 2735 ὑπογείῳ
1327 2686 1553 2733 λογοποιεῖν
1579 2681 1762 2723 ἐκέλευσε

191 2761 264 2806 τὴν
305 2754 461 2806 μητέρα
496 2754 544 2797 ὡς
576 2752 767 2799 τεθνηκὼς
802 2752 859 2800 εἴη
893 2754 975 2794 κτὲ.
1042 2752 1122 2795 Sed
1157 2754 1255 2808 quia
1286 2753 1388 2795 haec
1421 2755 1658 2794 commenta
1690 2752 1764 2793 diu

190 2831 285 2884 post
316 2823 565 2880 Sophoclem
591 2826 689 2864 nata
721 2826 838 2871 sunt,
875 2823 1132 2877 explodenda
1165 2826 1226 2865 est
1258 2823 1394 2864 inanis
1422 2822 1523 2864 haec
1556 2822 1763 2877 suspicio,

190 2900 234 2948 in
276 2910 403 2954 quam
444 2892 713 2938 Oasaubonus
755 2905 917 2946 quoque
950 2893 1179 2935 admodum
1212 2894 1376 2935 iuvenis
1409 2892 1570 2933 incidit.
1634 2890 1763 2946 quue
