1946 3298
969 186 1059 230 75>

270 309 375 367 Pag.
421 308 518 351 590.
563 310 713 361 λαβεῖν
753 311 808 352 τα
848 314 925 352 τῶν
964 316 1139 354 πολιτῶν
1180 314 1283 362 τινὸς
1323 315 1344 364 ἢ
1378 320 1455 357 τῶν
1486 318 1781 362 ’ΘΝοικούντων

211 382 307 433 παρ’
341 382 447 431 ὑμῖν.
513 381 672 422 Incolae
702 381 818 423 urbis
848 395 991 423 omnes
1023 382 1220 425 dicuntur
1251 385 1432 435 ἐνοικεῖν,
1467 387 1537 428 sed
1568 389 1779 445 inquilini,

210 453 282 506 qui
337 452 499 493 civibus
551 455 817 507 opponuntur
863 458 1076 503 μετοικεῖν.
1171 454 1317 509 Itaque
1363 458 1658 513 corrigendum
1705 464 1780 502 τῶν

209 522 556 564 ΜΕΤοικούντων.

267 680 370 737 Pag.
417 680 516 722 591.
558 679 656 722 οὕτω
700 682 774 731 μὲν
817 681 898 733 γαρ
942 680 1075 733 ἐξέςαι
1118 682 1257 733 λέγειν
1298 684 1367 725 καὶ
1406 685 1461 726 τα
1495 686 1535 726 ἐν
1566 685 1676 738 μέσῳ
1707 692 1779 735 τῆς

206 751 360 801 ἀγορᾶς
394 750 754 801 πιπρασκόμΕΝΑ
787 755 856 793 τοῦ
890 752 1038 802 δήμου,
1072 753 1209 795 viden⁷
1242 768 1322 809 quo
1354 759 1474 810 pacto
1500 758 1780 799 necessarium

210 826 363 863 ΕΙΝΛΙ
397 820 624 864 exciderit?
689 822 827 872 „Nam
859 823 915 863 sie
947 823 1078 864 licebit
1111 823 1226 864 etiam
1259 840 1304 865 ea
1335 841 1433 880 quae
1463 827 1507 867 in
1538 827 1661 868 medio
1677 828 1780 882 foro

205 897 371 933 veneunt
403 893 546 946 populi
587 904 687 935 ESSE
729 891 896 933 dicere.”
957 893 1104 948 Neque
1145 891 1245 936 εἶναι
1277 909 1411 951 neque
1442 911 1521 938 esce
1551 898 1594 937 in
1627 897 1705 939 tali
1736 912 1780 940 re

205 964 349 1004 omitti
378 966 527 1018 potest.

262 1121 365 1179 Pag.
413 1120 511 1163 612.
558 1123 590 1163 εἰ
626 1121 670 1168 δή
704 1137 764 1168 τις
798 1123 916 1164 ἐλθὼν
950 1120 994 1164 οὗ
1025 1124 1080 1165 τα
1114 1124 1287 1174 δημόσια
1323 1125 1415 1175 ὑμῖν
1449 1127 1687 1178 γράμματα
1720 1129 1777 1174 ἔςι

203 1192 368 1244 κεραίαν
410 1192 528 1242 νόμου
569 1192 671 1239 τινὸς
716 1193 737 1242 ἢ
776 1194 1051 1245 ψηφίσματος
1085 1195 1185 1245 μίαν
1216 1195 1339 1246 μόνην
1371 1198 1586 1248 συλλαβὴν
1620 1198 1779 1247 ἐξαλεί-

201 1267 315 1316 ψειεν
360 1260 481 1310 οὕτως
524 1261 636 1313 ἕξετε
679 1262 810 1315 ὥσπερ
853 1263 901 1306 ἂν
936 1264 971 1305 εἴ
1002 1280 1062 1311 τις
1098 1266 1179 1306 ἀπὸ
1212 1269 1282 1307 τοῦ
1317 1265 1499 1318 ἅρματός
1532 1285 1570 1310 τι
1603 1269 1776 1312 καθέλοι.

201 1333 477 1377 Manifestum
510 1336 573 1375 est
605 1333 649 1374 τὸ
683 1331 798 1385 ἅρμα
832 1348 918 1376 esse
944 1336 1159 1390 quadrigas
1186 1347 1326 1391 SOLIS,
1355 1339 1428 1392 qui
1457 1339 1567 1393 apud
1593 1339 1778 1382 Rhodios

202 1417 299 1459 prae
342 1405 513 1445 caeteris
550 1404 746 1445 omnibus
782 1403 874 1446 Diis
906 1404 1132 1447 colebatur.
1194 1407 1307 1449 Fieri
1338 1412 1475 1462 potest
1505 1412 1554 1450 ut
1585 1411 1629 1452 τὸ
1662 1409 1777 1462 ἅρμα

200 1475 245 1515 in
287 1472 397 1515 Solis
437 1473 576 1514 insula
618 1474 751 1515 dicere
785 1478 891 1516 esset
922 1477 1037 1516 satis.
1102 1475 1278 1518 Pronior
1309 1481 1450 1519 tamen
1483 1493 1577 1520 sum
1609 1481 1654 1520 in
1685 1494 1777 1522 eam

201 1545 452 1586 sententiam
495 1547 543 1585 ut
584 1546 653 1585 τοῦ
698 1545 835 1585 Ἡλίου
878 1545 1078 1587 excidisse
1116 1548 1369 1588 existimem.
1414 1547 1451 1589 εἴ
1490 1564 1550 1594 τις
1592 1550 1674 1591 ἀπὸ
1708 1553 1777 1591 τοῦ

201 1612 385 1666 ἅρματος
419 1614 503 1669 (τοῦ
540 1613 695 1669 Ἡλίου)
731 1630 768 1656 τι
804 1615 975 1657 καθέλοι.
1024 1616 1138 1657 Audi
1166 1616 1347 1659 Dionem
1380 1616 1574 1660 Cassium
1602 1619 1672 1675 47,
1708 1619 1777 1663 33.

202 1684 234 1741 (ὃ
278 1684 469 1740 Κάσσιος)
517 1685 572 1731 εἷς
607 1686 678 1733 τὴν
710 1689 823 1732 νῆσον
858 1687 1088 1737 περαιωθεὶς
1121 1688 1210 1739 (τὴν
1245 1689 1392 1743 Ῥόδον)
1427 1688 1531 1731 ἄλλο
1563 1691 1636 1740 μὲν
1669 1692 1777 1733 οὐδὲν

200 1756 322 1796 κακὸν
366 1755 512 1800 αὐτοὺς
557 1753 697 1806 ἔδρασε
722 1780 799 1805 —,
844 1756 922 1801 τας
964 1756 1004 1797 δὲ
1048 1760 1143 1804 ναῦς
1188 1759 1253 1800 καὶ
1293 1759 1348 1800 τα
1381 1760 1584 1811 χρήματα
1617 1761 1684 1803 καὶ
1719 1763 1775 1803 τα

201 1826 288 1878 ἱερα
329 1826 434 1872 πλὴν
477 1831 593 1867 ΤΟΥ
633 1826 930 1868 ‘'APMATOC
962 1832 1079 1869 ΤΟΥ
1113 1830 1303 1871 ‘HAIOT
1339 1831 1668 1883 παρεσπασατο,
1702 1833 1778 1874 ubi

199 1896 431 1938 notandum
471 1909 554 1937 non
585 1895 635 1937 de
665 1896 789 1949 siquis
821 1901 862 1939 et
892 1898 1034 1938 statuis
1067 1899 1170 1941 haec
1204 1900 1313 1954 dici,
1350 1900 1518 1956 (quibus
1551 1902 1651 1956 quid
1682 1906 1777 1944 tum

201 1965 343 2009 Cassio
386 1980 488 2022 opus
526 1970 613 2008 erat
626 1964 659 2024 ἲ)
693 1967 764 2009 sed
796 1967 846 2009 de
877 1970 1054 2023 pecunia
1087 1984 1202 2012 sacra
1233 1975 1275 2012 et
1306 1971 1488 2026 profana.
1551 1971 1700 2028 Itaque
1731 1975 1776 2015 in

199 2036 308 2080 Solis
350 2037 586 2094 quadrigis,
628 2038 781 2092 quibus
823 2038 922 2080 solis
954 2042 1159 2095 pepercit,
1193 2055 1275 2083 non
1307 2057 1373 2083 ars
1409 2043 1674 2098 spectabatur
1705 2043 1776 2086 sed

200 2110 402 2149 materies:
441 2108 552 2150 unde
591 2107 752 2163 liquido
794 2108 970 2166 colligas
1011 2124 1060 2151 ex
1101 2107 1233 2153 solido
1271 2126 1370 2154 auro
1403 2113 1543 2155 fuisse.
1609 2112 1776 2156 Cassius

199 2178 346 2220 Rhodo
394 2178 607 2220 discedens
654 2178 777 2219 Solem
823 2195 847 2219 a
888 2195 928 2220 se
969 2180 1142 2236 relinqui
1186 2182 1366 2233 dixerat,
1413 2183 1522 2238 quod
1563 2185 1695 2240 inepti
1731 2187 1776 2227 in

199 2262 323 2291 omen
353 2251 570 2290 traxerunt
603 2250 802 2303 quoniam
830 2251 947 2293 brevi
973 2254 1067 2305 post
1093 2252 1203 2306 apud
1231 2252 1452 2309 Philippos
1480 2270 1591 2304 „non
1615 2257 1774 2310 qffiyz'em

201 2320 301 2360 Solis
333 2343 390 2350 —
421 2319 491 2359 sed
529 2319 655 2373 ipsum
697 2320 814 2361 solem
843 2336 887 2362 re
917 2336 1009 2362 vera
1041 2322 1288 2377 relinquas
1321 2328 1488 2367 coactus
1520 2330 1604 2377 est,
1638 2327 1776 2369 iudice

199 2388 364 2431 Valerio
396 2388 587 2431 Maximo
621 2390 655 2431 I.
692 2389 730 2431 5.
765 2389 806 2432 8.

260 2460 400 2502 Facile
443 2465 510 2502 τοῦ
547 2461 658 2509 ἡλίου
691 2462 936 2504 intercidere
969 2464 1108 2518 potuit
1140 2464 1191 2506 ob
1220 2465 1582 2520 compendiolum,
1616 2468 1665 2509 de
1696 2482 1777 2524 quo

199 2529 348 2572 multis
381 2530 470 2572 dixi
500 2532 544 2572 in
574 2531 711 2573 Praef.
745 2532 797 2574 ad
836 2532 929 2574 Var.
962 2533 1085 2575 Lecta.
1119 2548 1216 2591 pag.
1250 2535 1346 2577 XX.
1381 2536 1479 2578 edit.
1514 2551 1593 2580 sec.

257 2689 363 2747 Pag.
399 2689 498 2734 61¹7.
531 2687 643 2738 οὗτος
677 2691 801 2733 ἐδόκει
835 2690 942 2746 ῥώμῃ
974 2692 1193 2744 διενεγκεῖν
1222 2700 1374 2737 TOTC
1402 2697 1489 2739 καθ’
1516 2697 1660 2752 αὐτόν,
1690 2704 1776 2745 tur-

198 2761 264 2816 pis
295 2760 565 2803 soloecismus
592 2775 666 2817 pro
697 2767 847 2806 ΤΩΝ.

259 2909 364 2966 Pag.
410 2909 510 2953 618.
553 2911 645 2960 τοὺς
686 2912 885 2967 φυγάδας
929 2912 1067 2961 αὐτοῖς
1110 2917 1251 2959 ἀνεῖπε
1294 2915 1498 2969 κατάγειν
1542 2920 1559 2962 ὁ
1596 2921 1678 2971 θεός
1716 2947 1772 2957 -·
