1946 3298
875 166 960 215 427

125 310 176 340 ex
222 297 428 340 sententia
472 296 838 354 Pythagoreorum
879 298 924 339 in
971 295 1142 341 Stobaei
1185 299 1268 343 Εοῑ.
1315 299 1438 357 Phys.
1483 301 1516 345 Ι.
1555 303 1597 346 6.
1631 300 1702 347 18.

124 368 243 410 vitiis
275 367 529 422 quibusdam
561 367 749 410 liberem.
800 367 1038 423 Proponam
1070 368 1212 411 locum
1245 373 1293 412 ut
1323 371 1433 413 mibi
1464 374 1704 417 scribendus

125 450 212 479 esse
258 438 444 479 videtur:
490 439 582 489 Περὶ
627 438 667 478 δὲ
709 438 843 489 τύχης
886 439 987 480 τάδε
1031 438 1235 490 ἔφασκον·
1277 438 1376 483 εἶναι
1417 442 1492 492 μέν
1536 449 1596 485 TI
1633 445 1700 487 καὶ

123 506 323 556 δαιμόνιον
365 508 480 558 μέρος
524 509 674 554 αὐτῆς·
718 509 906 558 γενέσθαι
949 508 1033 560 γάρ
1077 509 1287 552 ἐπίπνοιάν
1330 527 1422 553 τινα
1471 513 1583 565 παρα
1632 518 1701 556 τοῦ

123 576 325 626 δαιμονίου
358 581 434 618 τῶν
466 578 675 628 άνθρώπων
710 578 820 625 ε’νίοις
853 578 920 620 ἐπὶ
954 580 999 621 τὸ
1032 578 1198 630 βέλτιον
1231 582 1252 630 ἢ
1286 581 1351 623 ἐπὶ
1385 581 1430 624 τὸ
1461 588 1596 635 χεῖρον
1633 584 1702 626 καὶ

124 644 223 689 εἶναι
267 653 445 701 φανερῶς
487 647 583 689 κατ’
629 648 730 690 αὐτὸ
771 653 887 691 τοῦτο
920 649 1013 696 τοὺς
1046 651 1120 700 μὲν
1153 653 1370 704 εὐτυχεῖς,
1404 653 1496 701 τοὺς
1531 654 1571 696 δὲ
1603 655 1703 697 άτυ-

72 709 78 710 ἶ
121 723 227 769 χεῖς.
292 719 651 771 Καταφανέςατον
695 719 728 760 δ’
767 717 867 762 εἷναι
900 724 1016 762 τοῦτο
1054 721 1114 778 (ἐκ
1147 721 1235 779 τοῦ)
1270 722 1362 770 τοὺς
1394 724 1468 774 μὲν
1500 725 1702 777 άπροβου-

122 788 274 835 λεύτως
307 788 375 830 καὶ
411 790 495 842 εἰκῇ
529 805 566 830 τι
601 789 858 841 πράττοντας
893 791 1095 838 πολλάκις
1129 793 1497 846 κατατυγχάνειν,
1531 796 1622 842 τοὺς
1661 795 1702 837 δὲ

122 859 508 910 προβουλευομένους
553 859 619 900 καὶ
665 861 967 911 προνοουμένους
1005 862 1116 913 ὀρθῶς
1151 878 1188 904 τι
1223 862 1419 915 πράττειν
1451 865 1704 918 ἀποτυγχά-

122 944 212 971 νειν.
257 926 373 971 Εἶναι
416 930 456 971 δὲ
501 929 568 970 καὶ
612 927 741 982 ἕτερον
780 930 913 983 τύχης
948 929 1053 978 εἶδος
1086 933 1177 974 καθ’
1210 928 1226 974 ὃ
1260 934 1293 975 οἱ
1326 934 1400 984 μὲν
1433 937 1597 989 εὐφυεῖς
1632 935 1700 978 καὶ

122 999 308 1055 εὕςοχοι,
343 1001 377 1042 οἱ
409 1000 450 1042 δὲ
482 1002 632 1053 άφυεῖς
664 1017 710 1042 τε
742 1001 811 1043 καὶ
849 1003 953 1057 (την)
998 1003 1185 1045 ἐναντίαν
1229 1003 1395 1058 ἔχοντες
1432 1006 1556 1058 φύσιν
1591 1006 1704 1057 βλά·

122 1086 271 1121 στοιεν,
317 1068 364 1111 ὧν
408 1072 440 1113 οἱ
485 1071 559 1121 μὲν
606 1072 859 1122 εὐθυβολοῖεν
891 1073 960 1125 ἐφ’
994 1071 1034 1123 ὅ,
1069 1089 1108 1116 τι
1142 1073 1191 1116 ἂν
1224 1075 1562 1126 ε’πιβάλλωνται,
1601 1077 1632 1119 οἱ
1666 1077 1698 1119 δ’

121 1141 391 1183 άποπίπτοιεν
438 1145 508 1183 τοῦ
557 1145 706 1184 σκοποῦ
754 1142 960 1192 μηδέποτε
1011 1148 1082 1191 τῆς
1129 1143 1304 1192 διανοίας
1351 1148 1482 1189 αὐτῶν
1519 1146 1700 1200 εῦςόχως

120 1211 342 1265 φερομένης
384 1212 484 1253 ἀλλ’
526 1213 632 1254 ἈΕΞΙ
676 1214 999 1264 ταρασσομένης.
1065 1216 1235 1263 Ταύτην
1283 1216 1323 1258 δὲ
1364 1218 1436 1266 την
1485 1217 1701 1274 (εὐτυχίαν

121 1282 189 1324 καὶ
223 1283 311 1337 την)
345 1282 528 1334 άτυχίαν
552 1284 786 1336 ’ΈΜφυτον
822 1281 922 1325 εἶναι
955 1284 1023 1325 καὶ
1057 1285 1126 1327 οὐκ
1159 1286 1416 1329 ἐπείσακτον.

180 1352 229 1394 In
276 1350 499 1395 Codicibus
546 1356 630 1395 est:
679 1350 780 1396 εἶναι
830 1353 1022 1404 μένΤΟΙ.
1070 1358 1250 1398 correxit
1296 1357 1595 1414 Wyttenbach.
1645 1384 1699 1391 —

122 1425 324 1466 omissum
366 1427 428 1465 est
472 1424 517 1464 ἐκ
549 1427 618 1465 τοῦ
653 1448 707 1454 -—
753 1427 794 1466 et
826 1424 1030 1467 articulus
1062 1427 1107 1467 in
1142 1425 1247 1482 (τὴν)
1280 1428 1466 1470 ἐναντίαν
1500 1455 1554 1460 -—
1588 1429 1701 1480 βλά-

121 1509 255 1535 πτοιεν
288 1496 330 1535 et
372 1493 604 1543 εὐθύβουλοι
648 1490 739 1536 εἷεν.
774 1495 1015 1537 emendavit
1049 1495 1098 1537 L.
1132 1496 1320 1539 Dindorf.
1358 1523 1412 1529 —
1447 1500 1563 1542 ἄλλα
1606 1506 1700 1542 ΚΑΙ

120 1562 442 1616 ταρασσομένης.
491 1563 651 1606 Deinde
682 1577 756 1620 pro
788 1566 971 1618 άτυχίαν
1010 1567 1054 1607 in
1086 1568 1258 1621 optimis
1289 1567 1448 1624 legitur
1479 1571 1699 1626 εὐτυχίαν,

120 1634 192 1677 sed
224 1635 492 1689 perspicuum
524 1638 586 1676 est
617 1640 822 1689 utrumque
854 1649 877 1676 a
903 1635 1150 1693 Pythagora
1176 1637 1366 1680 fortunae
1393 1640 1538 1682 tribui.
1576 1639 1700 1684 Prae-

119 1708 232 1747 terea
265 1718 408 1746 omnes
439 1704 594 1746 habent
629 1710 874 1759 (ῑΤΜφυτον
906 1719 981 1762 pro
1012 1706 1196 1760 ἔμφυτον
1229 1708 1407 1751 solemni
1439 1724 1588 1753 errore.

178 1824 348 1880 Excipit
388 1823 565 1881 longum
611 1827 653 1866 et
694 1826 902 1867 eximium
946 1827 1187 1870 Aristoxeni
1223 1828 1413 1884 locum§
1446 1829 1698 1873 215—222.

118 1895 234 1939 locus
256 1910 306 1937 ex
322 1909 405 1938 uno
422 1897 614 1937 omnium
631 1895 878 1938 futilissimo
896 1898 1095 1952 scriptore
1113 1898 1345 1954 descriptus
1363 1900 1412 1942 de
1429 1900 1699 1959 Pythagorae

119 1967 171 2010 ad
201 1965 472 2008 Phalaridem
507 1966 712 2016 adventu,
744 1966 793 2008 de
827 1969 997 2022 tyranni
1028 1969 1350 2024 importunitate
1383 1974 1424 2013 et
1455 1972 1694 2027 impietate,

120 2038 170 2080 de
212 2038 371 2080 invicta
410 2036 680 2093 Pythagorae
722 2039 956 2079 constantia
994 2041 1034 2080 et
1066 2042 1281 2081 contemtu
1313 2042 1476 2083 mortis.
1537 2041 1700 2085 Deinde

118 2111 260 2151 narrat
299 2106 431 2162 ipsius
471 2106 742 2163 Pythagorae
781 2120 905 2162 opera
945 2107 1216 2151 Phalaridem
1263 2112 1305 2152 et
1350 2124 1479 2167 regno
1521 2116 1563 2154 et
1609 2114 1699 2156 vita

121 2193 208 2222 esee
249 2177 478 2233 spoliatum
522 2181 563 2218 et
608 2176 802 2219 Siciliam
843 2177 1133 2221 crudelissima
1182 2180 1405 2236 tyrannide
1449 2181 1697 2225 liberatam:

120 2249 268 2293 τούτων
303 2246 361 2290 ἔτι
394 2247 667 2300 γενναιότερον
699 2247 944 2300 διεπράξατο
977 2251 1132 2304 (inquit
1163 2250 1185 2305 ᾖ
1217 2249 1335 2307 220.)
1370 2251 1441 2299 την
1470 2252 1699 2297 κατάλυσιν

120 2328 192 2371 τῆς
235 2318 460 2370 τυραννίδος
503 2318 847 2370 άπεργασάμενος
890 2319 959 2360 καὶ
1002 2321 1231 2373 κατασχὼν
1276 2321 1351 2372 μὲν
1399 2323 1466 2365 τὸν
1512 2324 1699 2377 τύραννον

120 2392 329 2444 μέλλοντα
362 2389 577 2437 άνηκέςους
612 2389 828 2441 συμφοράς
856 2389 1028 2439 ἐπάγειν
1056 2395 1137 2438 τοῖς
1167 2391 1406 2448 ἀνθρώποις,
1436 2394 1699 2447 ἐλευθερώσας

120 2463 161 2505 δὲ
191 2467 264 2510 τῆς
298 2462 511 2511 ὠμοτάτης
545 2462 768 2514 τυραννίδος
804 2461 1010 2504 Σικελίαν.
1075 2462 1196 2505 Mera
1227 2465 1391 2506 somnia
1420 2465 1540 2508 nobis
1571 2467 1699 2510 homo

119 2538 281 2575 narrat:
326 2546 373 2574 ea
414 2546 519 2587 quae
560 2545 795 2587 numquam
837 2531 947 2574 facta
989 2535 1087 2574 sunt
1117 2547 1250 2588 neque
1282 2532 1373 2576 fieri
1403 2540 1630 2590 potuerunt
1665 2538 1696 2595 ¹)

121 2606 209 2646 sine
252 2602 341 2645 ullo
383 2606 550 2645 auctore
591 2617 637 2645 ac
678 2606 785 2645 teste
816 2616 891 2658 pro
924 2605 1048 2646 certis
1081 2617 1437 2661 commemorans,
1469 2607 1578 2649 nihil
1608 2622 1700 2664 per-

167 2740 201 2782 1)
237 2744 283 2773 De
317 2743 486 2775 Phalaride
520 2744 638 2775 dudum
668 2754 703 2775 ex
735 2743 855 2775 insidiis
885 2743 1049 2776 interfecto
1080 2747 1247 2787 antequam
1278 2745 1312 2778 in
1343 2747 1471 2779 Italiam
1501 2748 1698 2791 Pythagoras

122 2797 243 2828 venerit
266 2798 335 2829 vide
360 2799 540 2830 Bentleium
564 2799 597 2829 in
621 2799 709 2840 RESP·
735 2799 778 2830 ad
804 2800 835 2830 C.
859 2799 953 2840 Boylc
963 2810 1011 2830 um
1034 2810 1104 2842 pag.
1131 2800 1270 2832 12—24.
1318 2802 1391 2832 Non
1416 2801 1571 2835 dubitavit
1594 2806 1699 2836 tamen

122 2855 234 2888 nebulo
257 2857 390 2890 seribere
413 2858 445 2889 in
471 2859 484 2897 §
509 2857 580 2889 221.
606 2853 662 2889 ἐπὶ
687 2860 746 2895 τῆς
777 2855 878 2896 αὐτῆς
905 2856 1020 2899 ἡμέρας
1045 2858 1220 2902 Πυθαγόρᾳ
1246 2870 1284 2891 τε
1309 2858 1363 2890 καὶ
1391 2860 1534 2904 Ἀβάριδι
1560 2861 1698 2906 Φάλαρις

121 2911 225 2955 ἐπῆγε
250 2915 382 2949 κίνδυνον
409 2915 542 2948 θανάτου
570 2916 624 2948 καὶ
648 2915 744 2954 αὐτὸς
773 2915 834 2949 ὑπὸ
860 2921 924 2950 τῶν
950 2915 1220 2962 ἐπιβουλευόντων
1245 2917 1438 2964 ἀπεσφάγη.
