1946 3298
925 143 1012 191 474

179 288 336 334 magna
366 275 462 318 fuit.
525 274 790 317 Musicorum
821 273 988 316 beilum
1020 275 1108 316 erat
1138 273 1248 315 inter
1282 272 1384 316 duas
1418 273 1618 316 factiones
1650 286 1757 316 acer-

180 348 288 389 rime
332 349 527 403 gestum,
572 359 751 400 quarum
792 344 926 387 altera
967 343 1029 386 nil
1059 344 1142 385 nisi
1174 344 1366 399 antiquos
1398 348 1440 387 et
1471 345 1542 392 την
1575 344 1759 395 ἀρχαίαν

184 417 377 469 μουσικήν
407 420 448 459 et
479 416 524 458 τὸ
559 415 784 467 ἐναρμόνιον
817 415 931 466 γένος
966 414 1266 464 admirabatur,
1301 414 1431 457 altera
1464 418 1551 457 erat
1582 419 1658 456 τῶν
1691 418 1759 467 φι-

185 488 379 530 λοκαίνων
427 486 596 529 Veteres
645 485 1007 528 contemnentium
1052 487 1093 526 et
1125 483 1213 526 sola
1244 498 1353 527 nova
1383 487 1651 536 mirantium,
1687 486 1759 540 qui

185 560 410 615 Stupebant
443 556 481 598 ἔν
513 574 560 599 τε
592 557 646 609 τῷ
680 557 884 609 διατονικῷ
918 555 986 597 καὶ
1021 556 1074 606 τῷ
1107 556 1358 608 χρωματικῷ
1394 555 1503 597 εἴδει.

244 630 310 671 Ab
353 628 485 670 altera
525 631 644 683 parte
675 630 763 669 erat
796 628 817 676 ἦ
851 626 1014 679 άρχαία
1047 625 1246 675 μουσική,
1283 626 1299 667 5
1333 627 1533 678 ἀρχαϊκὸς
1565 626 1708 678 τρόπος
1741 626 1758 666 5

185 699 356 752 αὐςηρὸς
392 698 459 740 καὶ
493 698 734 750 άρρενωπός,
783 697 827 738 τὸ
862 697 1069 749 ἀρχαϊκῶς
1104 697 1269 750 αὐλεῖν,
1312 697 1362 738 ab
1395 697 1525 739 altera
1557 696 1601 738 τὸ
1636 697 1758 745 θῆλυ,

184 770 230 812 τὸ
279 768 514 820 κατεαγός,
565 769 620 811 τά
670 767 937 817 κεκλασμένα
969 767 1100 817 μέλη,
1141 767 1195 808 τά
1230 767 1519 814 ἐκθηλύνοντα,
1566 767 1583 808 5
1628 767 1759 813 καινὸς

185 838 349 893 τρόπος,
397 853 502 895 quae
544 840 685 882 omnia
726 838 954 881 adversarii
997 837 1263 890 παραφθορὰν
1307 838 1374 878 καὶ
1424 837 1644 890 διαφθοράν
1687 842 1759 885 τῆς

186 917 379 963 μουσικῆς
423 909 748 966 appeHitabant‚
794 912 835 951 et
874 913 1126 960 παρανομεῖν
1162 909 1216 954 εἷς
1249 909 1320 957 την
1353 909 1536 961 ἀρχαίαν
1569 908 1761 958 μουσικήν

188 996 255 1025 eos
290 982 633 1024 criminabantur.
697 980 839 1021 Huius
881 979 1074 1021 factionis
1114 980 1322 1034 principes
1365 982 1482 1021 erant
1514 978 1762 1020 Timotheus

188 1056 230 1095 et
262 1051 520 1094 Philoxenus
553 1052 585 1092 οἱ
619 1049 874 1103 φιλόκαινοι,
909 1063 1087 1104 quorum
1119 1051 1346 1091 acerrimus
1380 1053 1468 1092 erat
1501 1050 1762 1092 adversarius

188 1126 229 1165 et
270 1124 401 1164 hostis
442 1123 716 1164 Aristoxenus
750 1121 766 1161 5
800 1119 1066 1173 φιλάρχαιος.
1132 1120 1401 1162 Pherecrates
1444 1121 1553 1176 apud
1594 1120 1761 1162 Plutar-

187 1193 315 1235 chum
363 1194 410 1234 αἵθ
453 1192 613 1234 Musica
655 1205 752 1248 pag.
798 1190 910 1231 1141
933 1191 982 1246 f.
1024 1190 1188 1232 inducit
1229 1190 1442 1233 Musicam
1483 1192 1618 1247 ipsam
1664 1203 1762 1232 cum

186 1263 356 1306 Iustitia
384 1265 442 1305 sic
476 1265 820 1317 conquerentem:

340 1340 401 1376 M.
435 1334 451 1374 5
485 1333 525 1374 δὲ
559 1331 757 1383 Τιμόθεός
790 1332 855 1382 μ’,
891 1330 917 1373 ὦ
950 1330 1167 1385 φιλτάτη,
1203 1331 1482 1384 κατορώρυχεν

428 1404 496 1447 καὶ
531 1401 779 1445 διακέκναικ’
812 1402 1003 1454 αἴσχιςα.
1070 1409 1120 1444 Δ.
1155 1408 1264 1449 ποῖος
1297 1403 1428 1444 οὑτοσὶ

427 1475 444 1516 5
478 1474 697 1525 Τιμόθεος;
734 1480 794 1516 Μ.
830 1474 1029 1522 Μιλήσιός
1064 1476 1135 1520 τις
1158 1472 1341 1525 πυρρίας.

187 1550 229 1590 et
260 1546 509 1589 Timotheus
540 1548 629 1602 ipse
661 1545 772 1600 apud
803 1544 1069 1586 Athenaeum
1102 1558 1199 1601 pag.
1237 1543 1320 1586 122
1338 1545 1377 1586 d.

546 1618 615 1658 οὐκ
647 1615 767 1657 άείδω
801 1616 855 1656 τά
889 1614 1070 1657 παλαιά.

548 1686 628 1733 νέος
663 1687 680 1728 5
714 1686 813 1732 Ζεὺς
845 1685 1090 1736 βασιλεύει,

549 1758 592 1800 τὸ
626 1757 761 1800 πάλαι
794 1756 824 1798 δ’
858 1754 901 1805 ἦν
934 1756 1071 1808 Κρόνος
1104 1755 1255 1809 άρχων.

549 1829 682 1871 άπίτω
716 1832 850 1879 μοῦσα
886 1828 1067 1869 παλαιά.

247 1901 309 1943 De
339 1899 572 1942 Philoxeno
607 1904 668 1942 est
699 1901 833 1954 ipsius
865 1899 1105 1940 Aristoxeni
1138 1898 1428 1940 testimonium
1460 1897 1571 1952 apud
1596 1895 1762 1939 Plutar-

188 1971 316 2014 chum
357 1973 404 2013 εἷο
446 1972 604 2013 Musica
645 1984 741 2027 pag.
780 1969 894 2011 1143
928 1970 963 2011 b.
998 1970 1069 2011 ubi
1101 1972 1242 2010 narrat
1274 1968 1485 2010 Telesiam
1515 1967 1763 2009 Thebanum

189 2043 240 2085 ab
284 2043 455 2084 ineunte
505 2046 640 2084 aetate
679 2043 722 2082 in
755 2044 895 2083 vetere
928 2041 1092 2081 musica
1136 2039 1470 2094 exsplenduisse,
1516 2038 1587 2080 sed
1628 2042 1763 2080 aetate

187 2115 491 2169 provectiorem
524 2110 622 2154 οὕτω
657 2111 812 2165 σφόδρα
847 2110 1153 2159 ἐξαπατηθῆναι
1189 2110 1263 2151 ὑπὸ
1297 2115 1370 2158 τῆς
1404 2115 1591 2157 σκηνικῆς
1622 2125 1668 2149 τε
1693 2109 1760 2150 καὶ

189 2184 373 2232 ποικίλης
405 2190 598 2233 μουσικῆς
632 2181 707 2227 ἰόςε
741 2182 796 2224 τά
830 2181 1041 2231 Φιλοξένου
1075 2181 1143 2223 καὶ
1174 2180 1371 2231 Τιμοθέου
1400 2179 1664 2230 ἐκμανθάνειν
1692 2179 1759 2221 καὶ

187 2255 337 2297 τούτων
381 2255 436 2297 τὰ
479 2254 650 2302 πλείςην
683 2255 721 2295 ἐν
758 2253 896 2299 αὐτοῖς
931 2251 1082 2304 ἔχοντα
1116 2251 1393 2301 καινοτομίαν.
1460 2250 1647 2302 Quantae
1679 2251 1763 2291 sint

188 2327 232 2366 in
276 2326 428 2368 animis
468 2325 732 2367 Musicorum
773 2326 817 2365 in
859 2323 1151 2365 huiuscemodi
1184 2323 1438 2364 dissensione
1470 2323 1555 2364 irae
1591 2323 1762 2376 quaevis

189 2399 301 2438 aetas
331 2396 453 2439 vidit.
516 2395 768 2437 Plutarchus
802 2396 847 2436 in
880 2393 1141 2449 Symposiacis
1172 2407 1266 2450 pag.
1306 2392 1388 2435 711
1409 2394 1446 2433 d.
1483 2393 1599 2434 ταῦθ’
1628 2392 1660 2434 οἱ
1689 2392 1762 2442 μὲν

187 2466 348 2518 αὐςηροὶ
393 2466 460 2507 καὶ
503 2466 716 2518 χαρίεντες
761 2464 989 2515 ἠγάπησαν
1036 2465 1271 2515 ὑπερφυῶς,
1315 2464 1347 2505 οἱ
1393 2463 1425 2504 δ’
1470 2461 1649 2514 ἄνανδροι
1693 2462 1760 2503 καὶ

187 2535 513 2587 διατεθρυμμένοι
547 2536 603 2577 τα
636 2534 719 2577 ὦτα
753 2536 803 2577 δι’
837 2535 1041 2586 άμουσίαν
1079 2535 1145 2576 καὶ
1181 2534 1502 2585 άπειροκαλίαν,
1538 2532 1601 2579 οὕς
1639 2536 1762 2584 φησιν

189 2607 206 2649 5
242 2604 489 2659 Ἀρις-όξενος
520 2607 690 2657 χολὴν
723 2606 872 2656 ἐμεῖν
906 2603 1003 2647 ὅταν
1037 2604 1265 2656 ἐναρμονίου
1301 2603 1543 2653 ἀκούσωσιν,
1588 2601 1762 2653 ἐξέβαλ-

189 2687 257 2720 λον
299 2676 366 2719 καὶ
409 2677 451 2719 οὐ
497 2675 756 2726 θαυμάσαιμ’
799 2676 848 2718 ἂν
885 2677 918 2718 εἱ
953 2675 1227 2726 ἐκβάλλουσιν
1269 2675 1332 2732 (h.
1369 2673 1644 2726 ἐκβαλοῦσιν)·
1679 2673 1762 2713 ε’πι-

188 2753 331 2800 κρατεῑ
369 2747 452 2799 γάρ
486 2747 506 2795 η
541 2746 727 2795 θηλύτης.
771 2750 810 2787 et
851 2747 898 2787 de
931 2746 1092 2788 fllusz'ea
1121 2760 1218 2802 pag.
1256 2744 1370 2786 1135
1389 2746 1428 2787 d.
1461 2743 1655 2793 Τιμόθεος
1694 2742 1760 2783 καὶ

190 2817 397 2868 Φιλόξενος
429 2816 704 2870 φορτικώτεροι
737 2815 805 2857 καὶ
841 2815 1071 2869 φιλόκαινοι
1107 2815 1341 2867 γεγόνασιν.
1404 2814 1516 2855 Hinc
1547 2811 1763 2868 propullu-

187 2887 277 2934 lant
307 2887 555 2946 maledicta,
587 2887 694 2940 μέλη
729 2886 972 2938 κατεαγότα
992 2921 1000 2937 ,
1048 2884 1312 2940 διεφθορότα,
1347 2883 1637 2936 κεκλασμένα,
1668 2887 1762 2937 φορ·
