1946 3298
950 175 1005 218 26

197 300 433 352 κινδυνεύει,
483 300 552 342 εὀὶν
593 301 649 351 μη’
684 303 740 355 πῄ
783 318 841 343 σοι
875 300 933 343 ἔτι
967 300 1076 354 ἄλλη
1109 300 1221 354 δόξῃ.
1266 309 1436 345 ΣΩΚΡ.
1470 304 1569 347 αλλ’
1613 304 1678 347 ἵνα
1709 307 1767 357 μὴ

197 371 288 426 δόξῃ
319 374 385 414 τὸν
413 374 539 423 ἸΑρην
572 373 711 424 ἐρώτα.

257 512 486 554 Videamus
525 525 634 553 nunc
669 525 720 552 an
764 510 986 552 nonnullos
1024 525 1075 552 ex
1112 511 1265 566 Cmtylo
1310 511 1422 553 locos
1463 513 1507 553 in
1548 510 1771 555 Codicibus

198 584 301 627 olim
334 584 579 638 depravatos
610 583 654 623 in
685 582 902 637 integrum
935 583 1154 623 restituere
1185 583 1409 637 possimus.

257 725 362 781 Pag.
400 721 497 764 383.
533 723 574 764 b.
608 722 732 773 ἐρωτῶ
766 717 828 762 οὖν
861 721 982 761 αὐτὸν
1017 720 1096 769 ἐγὼ
1132 721 1242 772 αὐτῷ
1283 720 1447 774 πότερον
1478 721 1687 773 Κρατύλος
1721 728 1771 775 τῇ

200 795 372 848 ἀληθείᾳ
399 792 523 843 ὄνομα
553 793 632 836 ἐςιν
667 791 687 839 η
717 791 773 832 οὔ.
837 790 932 832 Νο11
961 795 1023 832 est
1049 790 1150 832 haec
1179 789 1338 833 Graeca
1368 794 1615 848 compositio
1640 807 1773 848 neque

200 866 363 917 πότερον
395 878 469 906 suo
511 863 600 905 1000
644 863 829 917 positum
862 866 937 902 est.
1000 860 1237 903 Dicendum
1281 867 1343 904 est
1381 863 1451 906 vel
1483 865 1514 904 εἱ
1554 864 1665 915 αὐτῷ
1705 862 1775 906 vel

201 936 364 988 πότερον
398 937 506 987 αὐτῷ
540 933 748 985 Κρατύλος
780 931 904 982 όνομοὶ
939 933 1019 976 ἐςιν
1052 932 1072 981 ἢ
1111 932 1168 974 οὔ.

260 1078 362 1134 Pag.
395 1075 494 1118 384.
523 1090 557 1117 a.
592 1073 618 1116 ὦ
651 1080 733 1115 παῖ
765 1073 991 1115 Ἱππονίκου
1032 1072 1336 1130 [Ἑρμόγενες],
1377 1075 1541 1118 παλαια
1574 1075 1773 1127 παροιμία

200 1147 258 1190 ὅτι
300 1148 479 1201 χαλεποὶ
522 1147 576 1187 τα
621 1145 734 1186 καλοί
777 1145 856 1188 ἐςιν
899 1142 976 1197 ὅπη
1018 1143 1105 1196 ἔχει
1151 1146 1308 1194 μαθεῖν.
1386 1145 1434 1187 Si
1476 1146 1640 1201 quando
1681 1148 1774 1201 quis

201 1220 395 1270 πατρόθεν
427 1216 670 1269 ὀνομάζεται
703 1219 776 1256 aut
817 1216 1004 1271 graviter
1037 1220 1110 1256 aut
1149 1215 1299 1258 blande
1339 1221 1413 1258 aut
1453 1219 1612 1267 iocose,
1657 1217 1775 1258 scioli

200 1291 281 1332 sibi
323 1303 401 1330 non
449 1290 685 1342 temperant
728 1290 769 1328 et
810 1299 961 1327 nomen
1003 1287 1208 1327 omissum
1251 1291 1465 1341 apponunt
1496 1289 1540 1328 in
1582 1289 1775 1343 margine

200 1364 272 1402 aut
304 1361 412 1400 inter
443 1372 608 1406 versus,
642 1357 752 1398 unde
780 1370 879 1398 mox
910 1358 1056 1411 irrepit
1086 1358 1131 1397 in
1163 1361 1342 1399 textum.
1405 1360 1531 1399 Recte
1563 1361 1605 1399 et
1633 1358 1775 1399 ordine

198 1431 393 1472 scribitur
425 1443 520 1484 pag.
555 1427 653 1469 406.
683 1428 722 1468 b.
757 1427 955 1477 μεγαλα,
990 1424 1016 1467 ὦ
1051 1432 1134 1468 παῖ
1166 1428 1418 1477 Ἱππονίκου,
1454 1429 1625 1482 ἐρωτᾷς,
1663 1431 1704 1470 et
1730 1429 1774 1468 in

197 1502 414 1553 Protayora
445 1513 542 1555 pag.
573 1497 673 1539 335.
707 1498 744 1539 d.
780 1498 831 1539 ad
870 1497 1052 1539 Calliam
1085 1497 1368 1555 Hermogenis
1406 1498 1601 1540 fratrem:
1636 1495 1662 1539 ὦ
1695 1502 1779 1539 παῖ

200 1571 451 1624 Ἱππονίκου,
485 1570 548 1611 οέεὶ
583 1570 656 1619 μὲν
690 1568 824 1619 ἔγωγέ
858 1585 926 1610 σου
961 1570 1031 1616 την
1065 1569 1315 1621 φιλοσοφίαν
1350 1567 1542 1619 ἄγαμαι.
1590 1569 1661 1610 sed
1689 1582 1775 1610 em-

198 1642 382 1684 blemata
415 1641 516 1683 alibi
547 1640 784 1695 pullulant,
819 1643 867 1680 ut
899 1641 943 1680 in
970 1639 1115 1694 Lyside
1142 1652 1239 1695 pag.
1267 1638 1355 1680 204
1377 1639 1417 1680 b.
1452 1640 1508 1680 σοὶ
1541 1639 1582 1681 δὲ
1611 1639 1655 1688 δη
1685 1641 1773 1693 τίς,

199 1710 225 1753 εἶ
261 1712 523 1760 Ἱππόθαλεςς
559 1710 678 1752 τοῦτό
711 1727 776 1760 μοι
811 1709 922 1751 εἶπέ.
956 1711 1024 1751 καὶ
1061 1707 1100 1756 ἒς
1135 1710 1337 1761 ἐρωτηθεὶς
1371 1710 1619 1762 ἠρυθρίασεν,
1657 1710 1773 1760 κάγὼ

201 1781 330 1826 εἷπον·
375 1780 401 1823 ὦ
446 1787 526 1823 παῖ
560 1782 789 1832 Ἱερωνύμου
834 1780 1116 1837 [Ἱππόθαλες]
1165 1781 1249 1821 κτὲ.
1314 1779 1492 1822 Perinde
1533 1784 1595 1823 est
1639 1780 1774 1822 dicere

199 1853 224 1896 ὦ
258 1853 503 1899 Ἱππόθαλες
538 1857 578 1894 et
607 1850 632 1892 ὦ
661 1857 742 1893 παῖ
765 1853 1018 1903 Ἱερωνύμου,
1054 1849 1080 1892 ὦ
1110 1850 1368 1901 Ἑρμόγενες,
1402 1854 1442 1892 et
1469 1847 1496 1891 εἶ·
1527 1856 1610 1892 παῖ
1635 1851 1774 1892 Ἱππο-

198 1927 322 1975 νίκου,
357 1923 382 1966 ὦ
418 1923 689 1974 Ἀλκιβιάδη,
733 1927 773 1964 et
805 1921 830 1963 ὦ
864 1928 946 1964 παῖ
974 1922 1176 1971 Κλεινίου,
1214 1926 1263 1963 ut
1293 1923 1337 1962 in
1375 1922 1580 1964 Charmide
1615 1921 1698 1963 158
1731 1921 1771 1963 b.

198 1995 223 2037 ὦ
253 1997 352 2047 φίλε
396 2000 478 2036 παῖ
511 1993 767 2042 Γλαύκωνος,
812 1997 853 2035 et
892 2007 994 2035 mox
1037 1993 1088 2035 ad
1133 1994 1311 2035 eundem
1353 1991 1379 2034 ὦ
1414 1993 1514 2045 φίλε
1559 1993 1771 2045 Χαρμίδη.

198 2068 269 2109 sed
294 2078 415 2107 nemo
443 2069 670 2119 utrumque
702 2064 779 2105 hoc
807 2066 1026 2121 coniungit
1053 2066 1088 2105 si
1115 2077 1268 2105 nomen
1295 2067 1358 2105 est
1385 2064 1582 2105 omnibus
1607 2067 1770 2104 notum.

197 2137 444 2180 Ridiculum
476 2137 610 2192 igitur
652 2143 720 2176 estv
746 2132 771 2174 ,Ξ
806 2141 887 2176 παῖ
921 2135 1126 2176 Φιλίππου
1160 2133 1418 2185 Ἀλέξανδρε.
1484 2134 1582 2176 Alia
1612 2148 1678 2175 res
1711 2136 1773 2175 est

197 2211 242 2251 in
281 2209 450 2250 nomine
489 2207 633 2262 paucis
672 2208 793 2255 noto,
837 2209 884 2247 ut
923 2207 967 2247 in
1008 2205 1163 2257 &atsto
1207 2219 1306 2262 pag.
1344 2204 1441 2246 429.
1479 2219 1513 2247 e.
1557 2210 1709 2257 χαῖρε,
1744 2201 1771 2245 ὦ

198 2279 284 2330 ξένε
316 2280 525 2327 Ἀθηναῖε,
571 2276 626 2317 υἱὲ
666 2277 906 2327 Σμικρίωνος
939 2275 1198 2328 Ἑρμόγενες.
1262 2274 1482 2317 Salutatur
1514 2277 1628 2317 enim
1664 2273 1772 2316 Her-

197 2363 396 2407 mogenes
438 2350 498 2389 ita
528 2361 699 2403 peregre
742 2347 792 2388 ab
834 2347 998 2402 hospite
1041 2347 1100 2389 sic
1141 2344 1426 2403 significante:
1471 2346 1563 2387 novi
1605 2349 1642 2386 te
1684 2344 1772 2400 quis

197 2422 272 2475 sis,
306 2420 396 2461 novi
437 2424 472 2459 et-
505 2423 660 2472 patrem
701 2422 821 2458 tuum.
885 2415 1038 2459 Contra
1078 2417 1316 2459 Artabanus
1357 2416 1468 2471 apud
1505 2415 1772 2458 Herodotum

197 2491 289 2534 VH.
320 2489 374 2532 10
406 2488 677 2531 Mardonium
708 2489 925 2540 increpans
959 2488 1140 2530 dixerat:
1185 2486 1233 2528 σὺ
1267 2487 1333 2535 δέ,
1374 2485 1401 2528 ὦ
1437 2493 1519 2530 παῖ
1549 2485 1771 2538 Γωβρύεω,

198 2566 357 2605 παῦσαι
386 2561 515 2611 λέγων
544 2559 689 2608 λόγους
717 2558 931 2608 ματαίους.
979 2558 1132 2600 Editur
1163 2556 1188 2599 ὦ
1218 2563 1301 2599 παῖ
1324 2557 1518 2610 Γωβρύεω
1552 2554 1773 2609 Μαρδόνιε.

258 2703 363 2758 Pag.
400 2699 499 2741 384.
535 2698 576 2740 b.
610 2697 641 2739 εἰ
676 2697 749 2747 μὲν
782 2695 844 2739 οὖν
879 2697 958 2747 ἐγὼ
993 2703 1108 2738 ΗΔΗ
1141 2696 1292 2746 οέκηκόη
1331 2697 1445 2750 παρα
1477 2695 1668 2749 Προδίκου
1700 2695 1772 2743 τὴν

199 2770 654 2821 πεντηκοντάδραχμον,
682 2767 869 2817 ἐπίδειξιν
913 2792 990 2821 —-‚
1033 2770 1098 2808 νῦν
1144 2769 1183 2810 δὲ
1225 2769 1295 2810 οὐκ
1339 2769 1495 2816 ἀκήκοα
1537 2766 1654 2809 οέλλοὶ
1699 2766 1772 2813 τὴν

200 2842 466 2897 δραχμιαίαν.
530 2838 781 2882 Mendosum
816 2841 877 2879 est
910 2837 1007 2888 ἤδη,
1052 2838 1161 2892 quod
1198 2840 1259 2879 ita
1291 2839 1465 2881 demum
1506 2841 1617 2879 recte
1650 2836 1771 2879 adde—

198 2919 314 2958 retur
340 2915 375 2956 si
402 2912 590 2955 Socrates
618 2909 753 2951 dicere
785 2907 988 2950 voluisset
1012 2921 1054 2950 se
1080 2922 1173 2950 eam
1202 2908 1390 2958 ἐπίδειξιν
1419 2909 1591 2952 fortasse
1609 2907 1772 2962 posthae
