1946 3298
944 138 1028 180 590

198 266 269 309 sed
310 269 472 309 scatens
513 265 632 308 vitiis
664 264 1002 321 orthographicis
1034 264 1202 306 obtulit.
1268 263 1421 306 Paucis
1455 267 1550 306 ante
1582 263 1772 306 versibus

197 338 311 378 idem
355 338 539 392 optimus
581 336 700 377 testis
739 349 813 390 pro
858 336 1088 387 αφ’,ηρῆσθαι
1132 335 1248 377 dedit
1288 334 1520 386 ἀφῄρησθε,
1567 334 1637 376 sed
1679 335 1773 389 quis

197 407 301 449 talia
333 405 524 449 curabit?

258 546 448 600 Pompeii
489 543 559 586 36.
604 544 673 586 30.
718 547 760 587 οὑ
804 548 922 587 τοῦτο
966 543 1109 594 ἔλεγεν
1151 543 1249 586 εἶναι
1286 545 1493 594 θαυμαςὸν
1527 545 1626 586 ἀλλ’
1654 544 1773 585 “OTI

198 620 255 668 μη
304 616 423 663 λίθοις
471 614 626 666 βάλλει
673 617 763 663 τοὺς
811 617 1097 661 ἀπαντῶντας.
1175 616 1274 658 Fert
1312 614 1470 658 Graece
1511 614 1775 670 loquentium

200 687 454 730 consuetudo
486 690 535 728 ut
567 687 731 729 dicatur
766 694 816 728 ΕΙ
851 687 908 737 μή
942 700 1015 741 pro
1044 687 1163 727 '‘oTl
1198 687 1269 736 μή.

259 759 362 800 Post
393 771 526 812 pauca
557 758 632 798 ubi
661 759 831 800 scribit:
866 756 1021 804 ταύτης
1052 757 1125 806 μὲν
1160 754 1201 804 ἦν
1241 756 1348 812 [καὶ]
1376 759 1522 806 γενεᾶς
1551 756 1619 797 καὶ
1650 754 1776 805 αἵμα-

200 846 265 877 τος
301 831 322 877 ἡ
351 828 625 879 Στρατονίκη,
654 842 847 885 expunge
874 829 957 869 καί.
1006 827 1137 869 Ludit
1164 829 1277 869 enim
1304 829 1348 868 in
1377 841 1501 869 versu
1528 827 1774 869 Homerico:

381 898 534 946 ταύτης
569 914 626 940 τοι
660 904 801 948 γενεῆς
837 915 880 940 τε
915 899 982 939 καὶ
1017 898 1193 948 αἵματος
1227 897 1407 950 εὔχομαι
1441 895 1553 938 εἶναι.

201 977 242 1012 et
274 970 436 1012 dixerat
462 983 601 1024 presse
628 970 756 1011 verba
783 972 929 1024 poetae
961 974 1126 1011 secutus
1160 969 1362 1016 ταύτης
1397 969 1471 1018 μὲν
1505 966 1547 1016 ἦν
1577 971 1776 1018 γενεᾶς

202 1048 278 1083 ΤΕ
311 1039 397 1082 καὶ
432 1037 676 1089 αἵματος
712 1041 732 1088 ἦ
768 1041 1036 1091 Στρατονίκη.

261 1160 452 1214 Pompei.
486 1157 555 1198 42.
589 1158 657 1199 25.
703 1159 928 1215 Pompeius
961 1157 1181 1213 Allytilevae
1214 1157 1342 1205 ἡσθεὶς
1377 1158 1431 1207 τῷ
1466 1156 1616 1208 θεάτρῳ
1650 1173 1777 1208 περιε-

203 1231 401 1282 γράψατο
443 1229 488 1270 τὸ
533 1226 638 1273 εἶδος
682 1229 806 1269 αὐτοῦ
840 1228 909 1270 καὶ
943 1230 1009 1269 τὸν
1039 1228 1164 1269 τύπον
1196 1229 1245 1273 (ἐς
1280 1226 1407 1278 ὅμοιον
1441 1227 1777 1280 ἀπεργασόμενος

204 1303 284 1357 [τὸ]
332 1302 369 1343 ἐν
411 1302 565 1353 Ῥώμη,
607 1298 743 1351 μεῖζον
777 1300 816 1340 δὲ
850 1299 916 1340 καὶ
954 1297 1198 1351 σεμνότερον.
1263 1298 1517 1340 Admonitus
1549 1301 1701 1341 senties
1733 1298 1777 1339 τὸ

203 1374 434 1415 sententiae
464 1372 684 1413 inimicum
721 1384 808 1412 esse
841 1370 1079 1412 delendum.

263 1491 457 1546 Pompeii
495 1489 562 1530 44.
599 1488 656 1531 20
706 1488 855 1530 τούτων
887 1489 1023 1538 μέντοι
1057 1493 1131 1530 τῶν
1165 1488 1315 1530 ὀνειδῶν
1348 1487 1595 1534 κοινωνητέον
1627 1490 1779 1533 οἰκείοις

204 1561 416 1611 Πομπηΐου
460 1560 702 1611 γενομένοις.
776 1559 1093 1614 Supplendum:
1144 1559 1388 1606 κοινωνητέον
1429 1558 1528 1600 ”AN
1571 1557 1697 1610 ἾΙΝ,
1747 1562 1782 1601 si

203 1650 292 1675 cum
325 1633 524 1689 Pompeio
555 1633 795 1688 affinitatem
827 1632 1177 1672 contraxissemus.

263 1751 457 1805 Pompeii
504 1749 574 1792 46.
626 1750 663 1790 1.
707 1749 757 1790 de
801 1750 925 1789 tertio
962 1747 1156 1803 Pompeii
1190 1749 1406 1803 triumpho
1439 1749 1608 1790 scribit:
1645 1749 1781 1803 ἡλικία

201 1822 239 1863 δὲ
274 1823 367 1864 τότε
404 1818 473 1868 ἦν,
509 1823 559 1866 ὡς
588 1820 661 1869 μὲν
689 1821 720 1861 οἱ
750 1819 861 1860 κατα
891 1819 1028 1860 πάντα
1059 1820 1112 1870 τῷ
1143 1818 1396 1870 Ἀλεξάνδρῳ
1431 1819 1779 1871 παραβάλλοντες

201 1892 324 1935 αὐτὸν
367 1891 435 1932 καὶ
483 1890 830 1943 προσβιβάζοντες
873 1888 1054 1938 άξιοῦσι,
1103 1891 1280 1940 νεώτερος
1326 1894 1401 1931 τῶν
1450 1890 1666 1940 τριάκοντα
1711 1891 1778 1931 καὶ

200 1962 404 2013 τεττάρων
438 1962 555 2015 ἐτῶν,
590 1961 762 2014 ἀληθεία
790 1961 830 2001 δὲ
859 1965 941 2006 τοῖς
971 1960 1276 2011 τετταράκοντα
1307 1966 1521 2010 προσῆγεν.
1571 1960 1653 2002 Sed
1680 1961 1782 2003 haec

200 2034 371 2081 ἀλήθεια
410 2032 519 2074 nihil
560 2032 686 2074 habet
727 2033 830 2073 veri.
893 2031 1146 2072 Plutarchus
1183 2033 1226 2072 in
1259 2031 1324 2073 his
1358 2032 1530 2074 Livium
1563 2033 1779 2087 sequitur,

201 2107 274 2160 qui
316 2117 441 2159 quam
486 2104 541 2144 sit
580 2105 623 2144 in
656 2102 852 2145 notandis
885 2103 1144 2157 temporibus
1175 2102 1405 2159 indiligens
1438 2109 1480 2144 et
1512 2116 1648 2144 socors
1680 2102 1782 2144 alibi

201 2175 351 2218 multis
399 2173 673 2216 ostendimus.
747 2173 906 2214 Tamen
953 2172 1062 2213 nihil
1110 2177 1171 2214 est
1218 2172 1384 2214 facilius
1432 2187 1555 2228 quam
1607 2173 1781 2215 illorum

205 2253 444 2302 temporum
479 2249 520 2286 et
552 2244 724 2286 illorum
757 2245 947 2285 virorum
977 2243 1290 2300 chronologiam
1318 2243 1479 2299 liquido
1510 2245 1627 2286 scire.
1657 2244 1782 2285 Pom-

200 2319 320 2372 peius
360 2320 484 2358 natus
526 2321 587 2358 est
631 2329 737 2357 anno
782 2314 866 2356 106
901 2329 934 2356 a.
974 2314 1073 2356 Chr.
1107 2314 1241 2369 pridie
1275 2314 1478 2356 Calendas
1510 2314 1708 2356 Octobres
1741 2319 1781 2356 et

202 2388 471 2443 triumphum
504 2388 553 2429 de
584 2386 836 2428 Mithridate
869 2386 990 2427 duxit
1024 2399 1130 2427 anno
1164 2385 1216 2426 61
1252 2386 1386 2440 pridie
1421 2383 1623 2427 Calendas
1661 2385 1782 2427 Octo-

202 2460 296 2500 bres
339 2458 469 2500 natali
509 2474 593 2499 suo.
657 2456 823 2497 Plinius
868 2455 923 2496 H.
957 2456 1010 2497 N.
1056 2455 1124 2497 37.
1159 2455 1200 2496 2.
1252 2458 1396 2505 „tertio
1430 2457 1639 2513 triumpho
1667 2473 1782 2513 quem

207 2527 470 2584 (Pompeius)
498 2529 636 2584 pridie
664 2527 876 2567 Kalendas
910 2526 1096 2567 Octobres
1124 2529 1186 2567 ‘lie
1210 2527 1360 2567 natalis
1387 2528 1452 2567 sm·
1473 2526 1589 2582 eyz't.''
1638 2526 1783 2582 ltaque

202 2599 278 2642 illo
319 2599 409 2654 ipso
452 2598 518 2639 die
555 2611 681 2639 annos
719 2596 837 2638 XLV
881 2601 1006 2637 natus
1049 2602 1150 2638 erat.
1215 2596 1323 2648 Quid
1368 2598 1505 2653 igitur
1535 2596 1622 2638 illis
1654 2598 1782 2638 facias

204 2671 297 2725 qui,
340 2672 389 2710 ut
429 2682 525 2710 eum
570 2666 805 2708 Alexandro
848 2680 1004 2723 magno
1046 2666 1231 2708 similem
1274 2681 1347 2721 per
1388 2669 1529 2708 omnia
1570 2667 1779 2715 facerent,

205 2754 332 2784 annos
374 2738 571 2780 XXXIII
613 2742 762 2778 natum
799 2741 892 2778 tum
926 2737 1054 2778 fuisse
1087 2739 1397 2785 mentirentur,
1434 2737 1534 2791 quid
1568 2736 1691 2779 Livio
1727 2738 1784 2792 (et

205 2810 475 2861 Plutarcho),
508 2810 581 2863 qui
613 2809 653 2848 ei
685 2807 881 2847 tribuunt
914 2821 1041 2849 annos
1072 2810 1231 2849 circiter
1263 2808 1575 2863 quadraginta?

643 2880 770 2930 Νάφε
805 2878 874 2917 καὶ
909 2878 1087 2928 priamo-⁷
1121 2880 1294 2921 άπιςεῖν.
