1946 3298
930 157 985 200 35

708 281 868 333 θολερῶς
900 283 1125 335 προβαίνει.

166 363 310 394 veram
341 352 591 406 scripturam
623 354 806 394 servavit
835 352 1013 395 Photius

707 423 893 475 θολερΟΟ
925 424 1171 476 προβαίνεις.

166 485 216 525 ut
246 481 357 537 apud
387 480 637 524 Horatium:

348 567 464 609 quum
483 554 632 607 flueret
662 552 898 596 lutulentus
929 559 1014 596 erat
1044 555 1149 610 quod
1178 555 1315 597 tollere
1345 556 1480 597 vellee.

227 673 331 729 Pag.
377 671 532 714 155.a.
573 671 689 713 ἄλλα
731 672 772 714 τί
811 673 882 714 οὐκ
925 673 1134 725 ἐπέδειξάς
1166 689 1233 724 μοι
1265 675 1332 716 τὸν
1364 675 1526 716 νεανίαν
1559 673 1741 723 καλέσαις

169 744 299 795 δεῦρο;
345 742 429 784 οὐδὲ
473 742 554 795 γὰρ
597 740 646 783 ἄν
688 758 763 783 που
807 744 840 784 εἶ
873 744 1084 797 ἐτύγχανε
1119 746 1300 797 νεώτερος
1333 745 1381 786 ὢν
1415 745 1584 798 αἰσχρὸν
1616 745 1665 787 ὂὶν
1699 743 1743 793 ἦν

168 815 277 866 αὐτῷ
309 813 574 864 διαλέγεσθαι
610 815 704 863 ἡμῖν
738 813 913 856 ἐναντίον
944 832 995 865 γε
1031 818 1099 856 σοῦ
1141 815 1354 867 ἐπιτρόπου
1389 815 1555 863 -όντος,
1611 816 1747 858 Alunt

167 887 268 928 haec
299 886 468 927 vitium.
532 885 696 939 Nempe
728 885 760 926 εἶ
795 884 1007 938 ἐτύγχανε
1041 887 1220 938 νεώτερος
1254 887 1303 928 ἰὸν
1331 887 1399 928 οὐκ
1427 886 1477 929 ἂν
1505 883 1548 935 ἦν
1577 887 1746 939 αἰσχρόν

168 956 389 999 manifesto
430 955 641 997 declarant
684 951 742 996 ὅτι
791 957 860 997 οὐκ
907 953 950 1003 ἦν
998 957 1195 1009 νεώτερος.
1275 957 1530 1000 Removebis
1576 971 1745 1000 omnem

168 1027 411 1070 molestiam
452 1026 732 1068 emendando:
778 1027 809 1068 εἰ
855 1027 1109 1079 ἐτύγχανεΝ
1147 1027 1262 1070 '‘eTl
1306 1030 1485 1081 νεώτερος
1529 1029 1576 1071 ὤν
1620 1043 1748 1085 quam

167 1113 278 1141 nunc
310 1101 386 1139 est.

228 1218 333 1274 Pag.
380 1215 478 1258 155.
499 1217 532 1257 b.
567 1213 711 1262 ἕκαςος
745 1216 828 1268 γαρ
861 1218 970 1267 ἡμῶν
991 1243 1045 1251 -m
1063 1218 1130 1259 τὸν
1163 1219 1333 1267 πλησίον
1366 1220 1495 1262 ὤθει.
1557 1220 1654 1263 Non
1685 1223 1748 1262 est

168 1290 311 1331 Attica
353 1289 488 1330 forma
530 1288 613 1329 ὤθει
659 1287 730 1329 sed
762 1288 881 1329 ἐώθει.
946 1287 1126 1331 Summa
1157 1292 1388 1332 constantia
1418 1294 1581 1333 veteres
1612 1290 1747 1332 ἐώθουν

171 1361 368 1410 ε’ωθούμην
405 1359 597 1400 dicebant
630 1361 671 1399 et
703 1356 806 1398 ἔωσα
840 1358 1068 1408 διεωσάμην
1100 1362 1328 1411 παρεῶσθαι
1363 1361 1554 1411 ἐξεώσθην
1581 1365 1623 1403 et
1650 1363 1745 1403 sim.

172 1429 475 1473 Graeculorum
520 1429 702 1476 συνήθεια
745 1429 981 1470 introduxit
1025 1430 1179 1473 formas
1220 1433 1308 1474 sine
1340 1436 1591 1489 augmento,
1625 1435 1675 1474 ut
1706 1435 1749 1474 et

171 1502 387 1551 ὠνησάμην
431 1500 623 1541 dicebant
654 1513 728 1554 pro
761 1499 976 1550 ἐπριάμην.
1039 1501 1154 1543 Haec
1186 1504 1320 1558 igitur
1349 1503 1464 1545 labes
1496 1505 1650 1558 scripta
1680 1516 1749 1545 ve·

168 1575 308 1614 terum
352 1572 509 1613 infecit.
573 1570 715 1613 Multa
746 1571 860 1613 lectu
895 1572 1146 1629 dignissima
1177 1574 1226 1616 de
1257 1575 1323 1617 his
1354 1575 1501 1617 formis
1533 1576 1750 1618 annotavit

169 1641 220 1686 Gr.
266 1641 507 1684 Dindorfius
548 1641 600 1683 ad
642 1652 705 1684 ST.
752 1654 873 1684 THES.
922 1658 963 1685 v.
1006 1643 1160 1694 Ὠθέω,
1211 1647 1284 1700 qui
1330 1649 1371 1687 et
1413 1645 1582 1688 Platoni
1622 1660 1749 1688 suum

169 1714 272 1755 ἐώθει
315 1713 485 1755 reddere
519 1714 751 1768 occupavit.
815 1713 992 1756 Notavit
1022 1715 1136 1757 idem
1167 1718 1409 1758 recentioris
1439 1716 1611 1774 linguae
1641 1718 1748 1759 vitia

168 1783 334 1834 ἕξεῶσαι
369 1786 410 1825 et
442 1783 592 1833 ἐξεώσω
626 1782 692 1838 (ut
725 1797 775 1825 ex
807 1783 995 1833 κατέαξα
1029 1789 1070 1827 et
1103 1786 1315 1837 κατεάγην
1347 1787 1582 1829 formarunt
1616 1790 1750 1843 inepti

167 1855 383 1897 κατεάσσω
421 1859 462 1896 et
493 1857 798 1909 κατεαγῆναι),
833 1858 875 1896 et
905 1857 1147 1899 mirabilem
1178 1857 1406 1913 Epiphanii
1439 1872 1643 1909 errorem,
1673 1860 1747 1914 qui

166 1942 216 1969 ex
260 1928 412 1969 aoristo
459 1924 611 1974 ἐξέωσα
653 1926 846 1980 procudit
888 1927 1065 1968 verbum
1100 1926 1230 1975 ἐξεοῦν
1264 1930 1538 1984 ineptissime.
1604 1928 1747 1971 Multa

166 1998 216 2040 de
258 2011 410 2054 genere
451 1997 529 2038 hoc
571 1995 673 2038 alibi
716 1996 961 2047 attulimus,
1007 2002 1056 2039 ut
1095 1999 1208 2050 χύνω
1244 2012 1294 2040 ex
1335 1999 1498 2052 κέχυκα
1535 1999 1744 2051 κέχυμαι,

166 2067 310 2121 πλάζω
344 2082 394 2110 ex
426 2067 702 2117 πέπλασμαι,
737 2067 928 2120 άμφιέζω
962 2082 1012 2110 ex
1045 2069 1274 2121 άμφιέσαι,
1310 2069 1600 2123 ἠμφιεσμένος.
1659 2071 1745 2126 Ap-

165 2141 313 2196 pianus
357 2151 430 2193 pro
468 2137 576 2179 ἓάλω
619 2141 660 2179 et
693 2137 912 2179 ἑαλωκέναι
944 2152 1026 2180 non
1059 2140 1273 2181 dubitavit
1308 2141 1459 2189 ἦλώθην
1490 2144 1532 2183 et
1564 2143 1727 2191 ἦλῶσθα

165 2212 313 2253 dicere.
363 2207 568 2251 Graviora
599 2210 728 2250 etiam
760 2213 933 2263 peccant
963 2211 1190 2264 poetastri,
1220 2210 1429 2253 Nicander
1455 2215 1550 2255 ante
1577 2226 1741 2264 omnes,

166 2282 216 2323 de
248 2294 328 2336 quo
361 2279 464 2322 alias
496 2279 723 2336 diligenter
757 2293 896 2336 agam.

224 2401 329 2458 Pag.
364 2398 464 2441 155.
484 2414 517 2440 e.
551 2398 623 2439 καί
652 2414 728 2448 μου
762 2400 784 2447 ἦ
818 2397 983 2449 πρόσθεν
1018 2398 1216 2450 θρασύτης
1245 2400 1500 2451 ἐξεκέκοπτο.
1567 2403 1744 2459 Compa-

165 2472 319 2514 randus
362 2474 424 2513 est
464 2470 581 2511 locus
624 2470 859 2511 Aristoxeni
907 2470 1018 2525 apud
1059 2469 1343 2513 Iamblichum
1388 2472 1438 2514 de
1479 2485 1519 2516 V.
1556 2485 1595 2516 P.
1640 2473 1743 2516 234.

165 2540 371 2595 άλαζόνας
414 2542 719 2587 ἀποκαλοῦντες
763 2540 910 2587 αὐτοὺς
954 2541 1022 2583 καὶ
1067 2541 1256 2592 λέγοντες
1290 2542 1349 2585 ὅτι
1392 2544 1648 2593 ἐκκοπείη
1691 2545 1742 2586 ἂν

166 2615 297 2655 αὐτῶν
340 2614 362 2661 ἡ
405 2609 601 2661 σεμνότης
645 2610 880 2659 αὕτη-εἴ
919 2627 980 2659 τις
1025 2614 1273 2663 περιςήσειεν
1320 2613 1466 2661 αὐτοὺς
1510 2616 1565 2661 εἷς
1611 2614 1744 2668 φόβον

164 2683 242 2741 (sic
284 2682 385 2726 Cod.
429 2682 612 2724 Florent.
653 2696 727 2736 pro
770 2681 916 2738 φοράν)
954 2681 1198 2738 ἀξιόχρεων,
1232 2684 1308 2725 ubi
1340 2686 1655 2734 ΚΛΤΑςήσειεν
1686 2688 1742 2734 εἷς

164 2756 296 2810 φόβον
328 2754 655 2796 rescribendum.

227 2826 347 2878 Quod
378 2839 428 2867 ex
459 2838 542 2866 uno
574 2821 726 2866 Codice
757 2821 996 2872 ἐξεκόπτετο
1025 2838 1098 2880 pro
1127 2824 1366 2875 ἐξεκέκοπτο
1393 2826 1562 2869 affertur
1588 2829 1740 2871 vitium

167 2901 229 2941 est
262 2911 313 2939 ex
343 2895 578 2938 tralaticiiS.
611 2894 699 2937 vid.
740 2894 777 2936 V
774 2909 834 2936 ar.
868 2895 990 2937 Lecti.
1026 2908 1124 2952 pag.
1158 2895 1245 2939 253
1263 2910 1322 2952 sq.
