1946 3298
971 170 1057 213 334

223 297 361 340 οὐδένα
404 297 454 339 ἂν
497 296 805 350 παραδέξασθαι
846 296 959 339 idem
1003 297 1111 352 quod
1153 297 1292 339 οὐδένα
1325 296 1375 339 ἂν
1408 300 1614 342 πιςεῦσαι.
1681 298 1726 338 Si
1758 300 1802 338 de

222 369 322 410 viris
361 369 460 410 idem
503 370 697 409 diceretur
733 367 905 425 (inquit)
941 383 1046 409 nemo
1079 370 1275 423 erederet,
1307 369 1489 424 quoniam
1521 369 1567 410 id
1596 384 1680 409 cum
1711 368 1802 409 illo-

223 455 308 481 rum
341 441 495 492 infflem‘o
528 455 605 480 non
637 438 828 492 confi-uit.

282 510 356 551 Est
392 524 440 552 ea
465 511 622 551 ironica
649 510 884 551 observatio
912 509 1190 564 Aristophane
1218 524 1343 565 quam
1360 510 1606 567 Pythagora
1622 510 1798 565 dignior.

281 650 329 692 In
361 652 382 705 ξ
417 649 487 691 56.
534 647 591 690 ἔτι
637 648 677 689 δὲ
721 647 787 689 τὸν
829 649 1068 701 σοφώτατον
1114 653 1189 690 τῶν
1223 648 1416 691 ἁπάντων
1449 649 1699 699 ΛΕΓόμενον
1733 648 1799 690 καὶ

223 720 486 771 συντάξαντα
531 720 602 767 την
644 719 778 772 φωνην
810 723 886 760 τῶν
918 720 1126 771 άνθρώπων
1160 721 1227 761 καὶ
1266 722 1310 763 τὸ
1341 721 1504 763 σύνολον
1539 721 1696 772 εὑρετὴν
1729 735 1802 761 κα-

221 793 415 836 ταςάντα
444 796 519 832 τῶν
548 790 751 841 ὀνομάτων
779 792 862 832 κτὲ.
911 791 1160 848 Legendum
1193 794 1260 833 τὸν
1293 792 1530 845 σοφώτατον
1563 796 1640 833 τῶν
1668 790 1802 832 άπάν-

220 879 296 904 των
341 862 610 913 ΓΕΝόμενον,
656 876 755 903 nam
796 861 1062 919 Pythagoras
1101 877 1265 919 quoque
1295 865 1482 919 impense
1515 863 1802 905 admirabatur

221 948 318 976 eum

576 1005 730 1060 primus
758 1005 826 1060 qui
858 1009 1012 1046 nomina
1044 1006 1155 1046 rebus
1186 1006 1390 1060 Imposuit.

222 1081 262 1120 et
304 1079 473 1119 omnino
512 1077 779 1133 Pythagoras
821 1076 985 1118 dicendi
1028 1090 1153 1117 usum
1187 1080 1228 1118 et
1259 1076 1562 1119 vocabulorum
1595 1077 1801 1118 rationem

221 1153 263 1192 et
303 1150 602 1204 proprietatem
645 1147 872 1203 diligenter
912 1147 1246 1190 animadvertere
1287 1147 1393 1189 solet
1436 1151 1477 1189 et
1521 1161 1571 1189 ex
1609 1161 1656 1189 eo
1687 1147 1801 1188 fonte

220 1224 438 1276 peracutas
472 1219 673 1274 quasdam
706 1219 1014 1259 observationes
1049 1222 1089 1259 et
1120 1219 1384 1273 probationes
1410 1219 1591 1260 haurire.
1643 1218 1801 1260 Pueros

219 1292 338 1334 iubet
370 1292 393 1346 ξ
426 1290 494 1332 51.
541 1290 627 1340 περὶ
673 1289 743 1336 την
783 1288 971 1329 παιδείαν
1004 1289 1076 1336 την
1108 1287 1311 1338 ἐπώνυμον
1345 1293 1416 1336 τῆς
1453 1289 1605 1330 ἐκείνων
1640 1288 1799 1338 ἡλικίας

220 1361 482 1414 σπουδάζειν,
527 1364 569 1402 et
611 1361 654 1401 h.
687 1359 715 1401 1.
750 1359 1009 1401 demonstrat
1049 1359 1281 1402 mulierum
1325 1374 1426 1417 erga
1457 1359 1565 1402 Deos
1596 1361 1799 1415 pietatem

220 1449 269 1476 ex
303 1447 349 1476 eo
383 1432 491 1488 quod
535 1433 607 1487 qui
637 1432 800 1486 primus
832 1432 1036 1485 imposuit
1067 1432 1240 1473 nomina
1271 1431 1395 1473 rebus
1430 1431 1578 1478 ἓκάςην
1611 1431 1682 1479 την
1716 1432 1799 1479 ἧλι-

220 1506 310 1547 κίαν
359 1506 490 1546 αὐτῶν
537 1503 761 1552 συνώνυμον
811 1503 1028 1550 ἐποιήσατο
1077 1501 1171 1553 θεῷ,
1223 1516 1374 1557 nempe
1421 1502 1557 1554 κόρην,
1609 1501 1798 1557 νύμφην,

219 1574 400 1628 μητέρα,
443 1580 590 1625 μαῖαν.
656 1578 802 1615 Μαῖαν
843 1587 916 1628 pro
956 1573 1047 1614 avia
1087 1573 1290 1615 Doricum
1333 1588 1420 1615 esse
1452 1576 1619 1615 monet:
1653 1573 1725 1620 την
1757 1574 1797 1615 δὲ

220 1648 359 1691 παῖδα
392 1647 435 1688 ἐκ
468 1646 619 1688 παίδων
659 1644 830 1700 (melius
862 1644 1041 1686 παῖδΑΕ
1076 1645 1120 1685 ἐκ
1152 1645 1324 1699 παίδων)
1350 1645 1563 1686 ἐπιδοῦσαν
1591 1644 1703 1685 κατα
1726 1646 1798 1692 την

221 1719 398 1771 Δωρικην
447 1717 656 1761 διάλεκτον
699 1721 887 1766 μαῖαν,
934 1715 1044 1770 quod
1075 1715 1230 1757 indicio
1264 1719 1326 1757 est
1357 1717 1401 1756 in
1433 1714 1611 1758 Graecia
1640 1716 1800 1757 maiore

219 1791 321 1833 haec
365 1789 468 1832 olim
511 1802 597 1830 esse
641 1788 826 1843 cogitata
868 1790 909 1827 et
952 1786 1064 1828 dicta
1109 1790 1151 1828 et
1193 1799 1336 1828 omnes
1376 1787 1568 1828 veritatis
1604 1799 1800 1828 numeros

218 1862 393 1916 habere,
428 1863 475 1902 ut
507 1863 548 1902 et
580 1858 741 1913 reliqua
775 1871 798 1899 a
829 1857 1081 1899 Dicaearcho
1115 1857 1164 1898 de
1196 1857 1263 1898 his
1294 1855 1418 1898 rebus
1449 1858 1616 1912 scripta.

281 2000 618 2045 Crotoniatarum
660 2002 872 2040 matronas
919 1998 957 2052 (ᾖ
992 1996 1063 2051 56)
1096 2000 1156 2039 ita
1187 1999 1324 2040 movit
1356 1997 1626 2054 Pythagorae
1658 1997 1797 2040 admo-

218 2076 348 2123 nitio,
392 2076 441 2114 ut
482 2071 595 2113 ultro
637 2071 839 2126 pretiosas
879 2073 1018 2111 vestes
1047 2069 1320 2124 deponerent:
1366 2068 1469 2109 ὥστε
1501 2068 1556 2110 τοὶ·
1590 2075 1797 2118 πολυτελῆ

218 2149 294 2186 τῶν
337 2143 510 2194 ἱματίων
551 2141 756 2192 μηδεμίαν
802 2139 1006 2182 ἐνδύεσθαι
1049 2142 1208 2189 τολμαῖν
1243 2140 1357 2181 άλλα
1393 2145 1531 2181 Θεῖναι
1564 2138 1704 2186 πάσας
1740 2141 1795 2186 εἷς

218 2216 262 2258 τὸ
312 2221 383 2263 τῆς
438 2215 566 2264 ”Ήρας
622 2212 719 2263 ἱερὸν
767 2211 928 2257 πολλάς
977 2211 1177 2262 μυριάδας
1226 2211 1411 2261 ἱματίων.
1491 2210 1796 2253 Dicaearchum

218 2289 428 2342 scripsisse
459 2286 665 2340 suspicor:
702 2281 803 2324 ἀλλ’
838 2283 1095 2323 ἈΝΑθεῖναι
1130 2281 1285 2328 πάσας.
1343 2281 1552 2323 Venerant
1582 2286 1797 2324 matronae

219 2358 270 2400 ad
315 2356 487 2398 Iunonis
535 2355 731 2396 Laciniae
777 2352 1011 2406 templum,
1055 2353 1104 2395 de
1147 2367 1227 2408 quo
1269 2352 1416 2395 Livius
1457 2352 1610 2394 XXIV.
1649 2351 1687 2393 3.
1731 2368 1797 2394 sem

218 2428 349 2469 millia
393 2427 525 2466 aberat
569 2426 615 2465 ab
651 2426 742 2465 urbe
774 2424 898 2464 nobili
932 2423 1142 2478 (Crotone)
1177 2424 1358 2477 templum
1389 2424 1473 2478 ipsa
1505 2424 1598 2464 urbe
1628 2424 1799 2464 nobilius

217 2499 411 2541 laciniae
452 2498 618 2538 Iunonis
660 2501 835 2537 sanctum
880 2495 1052 2536 omnibus
1085 2495 1190 2537 circa
1214 2495 1386 2548 populis.
1449 2494 1598 2536 Errore
1638 2494 1799 2552 legitur

219 2570 329 2626 apud
372 2568 621 2610 Strabonem
654 2581 750 2623 pag.
786 2565 871 2607 262
907 2563 1083 2608 Casaub.
1120 2567 1252 2617 πρώτη
1289 2565 1321 2606 δ’
1355 2564 1412 2609 ἐςὶ
1447 2565 1602 2617 Κρότων
1635 2566 1673 2607 ἐν
1705 2566 1796 2606 ἑκα-

218 2643 284 2684 τὸν
316 2639 383 2682 καὶ
419 2638 669 2685 πεντήκοντα
703 2637 853 2683 ςαδίοις
887 2637 969 2677 άπὸ
999 2639 1068 2677 τοῦ
1096 2637 1311 2686 Λακινίου,
1343 2637 1416 2678 ubi
1447 2636 1619 2678 fortasse
1652 2636 1795 2677 ἑκατὸν

218 2713 290 2755 καί
333 2709 672 2766 expungendum.
737 2707 945 2749 Venerant
983 2709 1118 2764 igitur
1149 2712 1363 2749 matronae
1397 2707 1448 2748 ad
1479 2706 1649 2748 Iunonis
1679 2706 1798 2748 Laci-

217 2787 310 2827 niae
351 2780 563 2836 templum
606 2791 688 2819 non
730 2781 897 2819 tantum
934 2783 982 2819 ut
1015 2778 1306 2835 Pythagoram
1341 2777 1532 2819 audirent
1565 2777 1634 2818 sed
1668 2777 1798 2819 simul

216 2860 264 2897 ut
307 2854 463 2896 festum
506 2850 676 2891 Iunonis
719 2849 832 2890 diem
865 2848 1133 2891 celebrarent.
1197 2849 1343 2904 Itaque
1386 2852 1550 2890 auratas
1587 2851 1724 2891 vestes
1756 2852 1797 2891 et

215 2925 376 2981 reliqua
418 2924 661 2966 ornamenta
694 2920 745 2962 ad
776 2933 975 2975 pompam
1008 2934 1150 2961 secum
1184 2919 1439 2970 attulerant,
1473 2919 1544 2961 sed
1574 2923 1796 2974 postquam
