1946 3298
916 154 1000 204 457

172 300 218 329 eo
259 281 424 329 facilius
466 286 666 328 faciemus
708 287 743 327 si
786 287 1020 328 constiterit
1061 287 1171 328 unde
1212 288 1318 330 hanc
1349 288 1508 330 famam
1541 289 1743 348 Tragicus

172 357 404 412 arripuerit.
468 356 630 411 Nempe
674 369 724 397 ex
769 369 815 398 eo
848 357 1070 411 scriptore,
1116 371 1196 412 quo
1227 357 1463 414 plurimum
1494 358 1744 416 Sophoclem

170 427 425 469 delectatum
466 425 594 468 fuisse
638 429 800 468 constat
841 428 950 468 inter
991 440 1160 478 omnes,
1207 442 1257 470 ex
1299 440 1520 471 HERoDorro
1567 430 1638 473 IV.
1672 430 1742 474 94.

171 497 208 537 ἐν
240 493 267 548 ᾦ
298 495 337 538 δὲ
381 496 511 537 ἐποίεε
554 499 691 538 ταῦτα
738 497 773 551 (ὁ
818 495 1042 552 Ζάλμοέις)
1087 498 1125 539 ἐν
1167 498 1296 551 τούτῳ
1328 498 1560 550 κατάγαιον
1593 500 1741 552 οἴκημα

170 566 358 607 ἐποιέετο.
404 568 452 613 ὡς
486 566 527 608 δέ
561 568 592 608 οἱ
624 566 857 613 παντελέως
890 564 979 620 εἶχε
1014 567 1057 608 τὸ
1089 566 1238 618 οἴκημα
1273 569 1316 610 ἐκ
1347 569 1422 619 μὲν
1453 570 1529 612 τῶν
1564 571 1742 624 Θρηίκων

171 637 399 689 ἠφανίσθη,
450 637 647 688 καταβάς
692 637 731 678 δὲ
774 637 886 679 κάτω
931 639 970 683 ἐς
1012 639 1055 679 τὸ
1097 638 1328 689 κατάγαιον
1370 638 1522 690 οἴκημα
1557 640 1742 683 διαιτᾶτο

170 706 236 749 ἐπ’
281 706 377 748 ἔτεα
418 708 532 758 τρία·
576 708 608 749 οἱ
654 706 694 748 δέ
737 723 805 758 μιν
848 707 1005 750 ἐπόθεόν
1048 724 1095 749 τε
1126 708 1194 750 καὶ
1229 710 1406 751 ἐπένθεον
1438 712 1487 755 ὡς
1520 711 1741 753 τεθνεῶτα·

169 776 350 829 τετάρτῳ
393 777 431 818 δὲ
465 776 548 819 ἔτεϊ
578 777 708 830 ἐφάνη
742 783 844 820 τοῖσι
879 777 1021 830 Θρηϊξι
1054 778 1121 820 καὶ
1155 777 1254 821 οὕτω
1287 779 1435 822 πιθανά
1470 786 1546 834 σφι
1580 782 1740 832 ἐγένετο

168 846 224 888 τα
257 845 379 897 ἔλεγε
411 847 428 889 ὁ
463 846 686 898 Ζάλμοξις.

227 916 421 959 Potuisse
461 918 563 960 haec
604 917 731 960 fidem
773 920 960 960 invenire
1004 919 1115 974 apud
1147 918 1326 962 Thraces
1358 923 1400 962 et
1430 920 1626 963 barbaros
1658 934 1740 963 non

167 990 229 1029 est
257 1000 425 1042 prorsus
456 987 726 1042 incredibile,
760 988 831 1030 sed
865 986 1129 1031 Crotoniatae
1160 988 1430 1046 Pythagorae
1457 990 1650 1045 aequales
1674 991 1741 1033 his

164 1058 333 1113 ineptiis
377 1058 512 1113 decipi
552 1072 634 1100 non
675 1061 866 1113 poterant
911 1058 1041 1105 ἐόντες
1088 1060 1151 1116 (ut
1193 1059 1433 1103 Herodotus
1476 1061 1526 1102 de
1570 1059 1741 1104 Graecis

165 1128 309 1170 scribit
342 1127 374 1170 I.
411 1127 500 1184 60.)
546 1127 764 1181 δεξιώτεροι
798 1129 864 1170 καὶ
899 1129 1054 1178 εὐηθίης
1090 1130 1237 1178 ἠλιθίου
1270 1131 1590 1182 ἀπηλλαγμένοι
1628 1134 1740 1183 μαλ-

164 1208 248 1241 λον.

226 1337 379 1380 Scribit
411 1336 620 1395 Diogenes
651 1339 790 1382 Laert.
825 1339 938 1382 VIII.
974 1340 1045 1383 42.
1079 1339 1128 1383 de
1172 1340 1440 1397 Pythagorae
1471 1354 1599 1384 uxore
1631 1341 1738 1384 'Phe-

166 1422 268 1458 ano,
303 1408 374 1450 sed
405 1408 514 1450 nihil
547 1411 670 1460 certi,
706 1411 805 1465 quia
837 1409 945 1452 alius
978 1410 1094 1452 aliud
1124 1411 1331 1453 narrabat.
1367 1407 1409 1458 ἦν
1445 1410 1485 1453 δὲ
1518 1413 1572 1463 τῷ
1605 1414 1739 1454 Πυθα-

166 1478 269 1533 γόρα
312 1478 379 1519 καὶ
425 1480 525 1530 γυνη
560 1480 698 1521 Θεανὼ
732 1479 857 1531 ὄνομα
891 1481 1090 1532 Βροντίνου
1123 1484 1192 1522 τοῦ
1226 1480 1495 1532 Κροτωνιάτου
1530 1482 1734 1534 θυγάτηρ·

165 1550 197 1590 οἱ
233 1549 271 1590 δὲ
303 1554 485 1599 γυναῖκα
529 1550 602 1599 μὲν
637 1548 736 1592 εἶναι
768 1552 991 1603 Βροντίνου,
1027 1551 1253 1603 μαθήτριαν
1287 1551 1327 1593 δὲ
1360 1551 1608 1603 Πυθαγόρου.
1658 1552 1737 1594 Fa-

164 1618 323 1661 cillime
354 1622 496 1661 tamen
530 1619 631 1674 quid
664 1622 723 1662 rei
751 1624 857 1662 esset
882 1620 1091 1678 Diogenes
1119 1623 1223 1664 scire
1250 1624 1476 1677 potuisset,
1507 1624 1541 1664 si
1568 1623 1737 1678 quidem

164 1703 214 1731 cx
254 1690 307 1730 iis
348 1703 453 1744 quae
485 1691 573 1745 ipse
605 1690 781 1745 protulit
812 1705 885 1733 nos
919 1692 1026 1734 hanc
1060 1693 1385 1735 controversiam
1418 1692 1535 1734 nullo
1566 1695 1736 1750 negotio

163 1759 425 1802 dirimemus.
491 1759 645 1802 Scribit
687 1763 800 1803 enim
842 1763 887 1803 in
918 1763 940 1817 ξ
974 1761 1043 1804 43.
1078 1761 1324 1814 Ἱππόβοτός
1356 1761 1408 1814 γέ
1441 1779 1498 1805 τοι
1532 1763 1634 1815 φησὶ
1668 1762 1737 1804 λε’-

162 1845 250 1881 γειν
283 1830 597 1881 Ἐμπεδοκλέα·

342 1901 591 1952 Τήλαυγες,
626 1902 748 1943 κλυτὲ
782 1904 892 1954 κοῦρε
929 1907 1106 1950 Θεανοῦς
1139 1902 1385 1956 Πυθαγόρεω
1418 1920 1477 1946 τε.

161 1971 239 2014 hoc
281 1973 394 2013 enim
436 1985 562 2015 versu
603 1972 844 2014 ordiebatur
880 1973 1155 2029 Empedocles
1188 1988 1380 2023 carmen,
1416 1975 1526 2030 quod
1558 1974 1738 2032 'Pelaugi

162 2041 513 2094 προσπεφώνηκεν.
549 2042 600 2084 cf.
634 2042 757 2099 Diog.
791 2043 930 2086 Laert‚
964 2043 1078 2086 VIII.
1115 2043 1185 2086 60.
1220 2040 1262 2092 ἧν
1296 2045 1328 2086 δ’
1363 2045 1378 2086 ὁ
1413 2045 1654 2092 Παυσανίας
1681 2070 1735 2076 --

163 2112 348 2165 ἐρώμενος
382 2114 507 2154 αὐτοῦ
543 2113 843 2171 (Empedoclis),
887 2112 913 2167 ᾧ
946 2115 990 2164 δη
1030 2116 1097 2158 καὶ
1139 2115 1194 2157 τα
1235 2116 1322 2168 περὶ
1367 2116 1527 2170 φύσεως
1561 2132 1738 2168 προσπε-

162 2181 344 2236 φώνηκεν
378 2181 524 2230 οὕτως·

341 2253 581 2304 Παυσανίη,
616 2253 664 2295 σὺ
698 2254 739 2295 δὲ
771 2256 883 2296 κλῦθι
918 2254 1127 2308 δαΐφρονος
1159 2256 1363 2308 Ἀγχίτου
1398 2256 1470 2298 υἱέ.

220 2322 487 2379 Empedoclis
528 2325 664 2381 igitur
704 2325 946 2368 testimonio
990 2326 1041 2368 de
1082 2339 1210 2368 uxore
1251 2326 1523 2384 Pythagorae
1567 2326 1736 2370 Theano

161 2395 345 2436 contenti
377 2407 464 2436 esse
494 2408 739 2450 possumus,
774 2395 846 2437 sed
871 2395 1102 2452 Diogenes,
1139 2397 1211 2451 qui
1243 2411 1318 2440 sua
1348 2411 1430 2439 non
1464 2411 1515 2439 ex
1546 2396 1737 2453 limpidis

160 2463 347 2506 fontibus
388 2465 608 2506 hauriebat
652 2464 724 2506 sed
767 2479 816 2506 ex
846 2465 1026 2507 turbidis
1057 2466 1235 2517 rivulis,
1268 2471 1309 2509 et
1340 2467 1488 2510 iudicii
1520 2467 1643 2522 plane
1677 2471 1739 2510 est

163 2547 328 2589 expers,
371 2548 454 2577 non
493 2535 634 2577 lucem
675 2533 792 2577 affert
835 2535 906 2577 sed
945 2536 1147 2578 tenebras.
1211 2535 1419 2593 Magnam
1450 2550 1549 2592 prae
1582 2551 1624 2579 se
1658 2537 1738 2579 fert

162 2604 409 2647 eruditionis
440 2605 621 2661 speciem
655 2608 696 2646 et
727 2605 897 2647 videtur
927 2607 1067 2648 variae
1099 2610 1140 2649 et
1173 2606 1345 2649 diffusae
1375 2607 1570 2649 lectionis
1607 2609 1737 2663 copiis

161 2676 249 2724 uti,
278 2675 350 2717 sed
373 2675 541 2717 videtur
563 2678 743 2717 tantum.
791 2674 978 2730 Repetiit
1010 2676 1196 2731 plurima
1224 2677 1467 2720 eFavorino
1497 2678 1535 2718 ἐν
1553 2678 1735 2728 ἀπομνη-

163 2744 410 2795 μονεύμασιν
439 2750 480 2787 et
509 2745 547 2786 ἐν
577 2746 818 2798 παντοδαπῇ
848 2746 1000 2800 scopia,
1035 2749 1075 2789 et
1103 2760 1205 2802 quos
1232 2750 1359 2789 testes
1377 2747 1523 2790 doctus
1539 2746 1737 2803 Sophista

163 2814 363 2858 attulerat
386 2816 537 2858 iisdem
564 2817 701 2857 utitur
723 2829 797 2871 pro
825 2817 925 2858 suis.
968 2815 1084 2859 Idem
1114 2818 1158 2858 in
1183 2816 1418 2873 Hermippo
1435 2818 1534 2860 fecit
1553 2820 1594 2859 et
1610 2817 1736 2859 Pam-

163 2885 279 2939 phila
311 2890 351 2928 et
378 2887 472 2928 aliis
505 2885 814 2941 complusculis.
863 2886 977 2928 Num
1010 2890 1078 2938 tu,
1116 2889 1188 2942 qui
1220 2888 1321 2929 haec
1354 2887 1484 2945 legis,
1520 2887 1736 2932 existimas
