1946 3298
926 170 1011 216 573

179 295 315 336 tarchi
359 305 522 348 quoque
565 295 704 349 opinio
746 295 966 338 scribentis
1008 298 1053 338 in
1085 295 1297 340 Alcibiade
1330 296 1401 339 24.
1437 296 1474 339 8.
1511 296 1528 339 ὃ
1563 295 1596 337 δ’
1624 294 1755 348 ’Ἄγις

181 364 318 416 ἐχθρὸς
368 363 442 413 μὲν
490 364 672 417 ὑπῆρχεν
722 366 832 418 αὐτῷ
882 366 947 407 διὰ
996 367 1067 414 την
1114 373 1297 417 γυναῖκα
1346 371 1478 413 κακῶς
1527 368 1752 416 πεπονθὼς,

181 435 330 485 ἤχθετο
374 435 414 476 δὲ
458 434 527 476 καὶ
566 441 614 487 τῇ
650 435 756 488 δόξη.
789 436 844 477 τα
878 436 961 488 γαρ
994 442 1150 481 πλεῖς-α
1183 437 1397 488 γίγνεσθαι
1432 437 1500 479 καὶ
1535 441 1756 491 προχωρεῖν

181 505 229 546 δι’
272 504 543 555 Ἀλκιβιάδην
586 505 707 556 λόγος
754 502 815 556 ἧν,
860 511 935 548 τῶν
969 507 1004 548 δ’
1040 506 1173 549 ἄλλων
1210 511 1483 560 Σπαρτιατῶν
1516 509 1550 550 οἱ
1584 508 1759 550 δυνατώ-

180 591 297 617 τατοι
333 576 400 617 καὶ
434 576 751 627 φιλοτιμότατοι
785 578 850 619 τὸν
885 576 1160 628 Ἀλκιβιάδην
1195 579 1263 627 ἤδη
1301 579 1539 631 ἐβαρύνοντο
1570 578 1636 620 δια
1663 578 1760 631 φθό-

181 663 255 689 νον.
288 671 345 678 ——
378 647 646 699 διεπράξαντο
703 645 766 689 οὖν
817 649 909 694 τοὺς
959 648 1103 690 οἴκοθεν
1153 648 1358 702 ἄρχοντας
1411 650 1615 693 ε’πιςεῖλαι
1664 651 1759 700 πρὸς

181 718 334 759 Ἰωνίαν
377 715 481 763 ὅπως
524 719 810 760 ἀποκτενοῦσιν
845 718 982 760 αὐτόν.
1045 719 1299 761 Plutarchus
1331 720 1434 761 duas
1468 733 1612 761 causas
1645 733 1759 762 com-

181 791 391 829 memorat
449 788 626 830 alteram
674 788 840 838 fictam,
890 789 1067 831 alteram
1116 791 1237 831 unice
1283 804 1442 832 veram.
1522 790 1632 846 Agis
1679 804 1761 832 non

183 857 327 899 oderat
374 857 637 899 Alcibiadem
685 860 827 900 uxoris
875 860 1120 902 moechum:
1170 874 1304 915 neque
1353 862 1466 902 enim
1521 860 1762 915 repudiavit

181 940 356 968 uxorem
414 942 548 983 neque
604 942 721 978 eam,
782 943 908 984 quam
956 934 1073 972 tanto
1122 944 1243 985 opere
1290 929 1555 986 neglexerat,
1600 931 1762 985 perdite

149 1011 343 1041 .amasse
385 998 567 1040 videtur.
632 997 821 1041 Subnata
864 1003 925 1041 est
972 1002 1009 1041 ei
1052 1002 1234 1056 suspicio
1277 1002 1488 1042 mensium
1533 1014 1760 1043 numerum

182 1069 465 1122 computanti,
496 1068 567 1110 sed
597 1082 678 1110 non
709 1069 890 1112 habebat
922 1069 1141 1112 ¹'Pimaeam
1174 1071 1315 1126 probri
1342 1075 1614 1126 compertam.
1677 1071 1759 1114 Sed

180 1139 398 1181 invidebat
438 1138 547 1195 Agis
581 1139 740 1195 gloriae
774 1140 1031 1195 Alcibiadis,
1065 1141 1121 1182 τα
1154 1142 1236 1193 γὰρ
1269 1147 1424 1185 πλεῖς-α
1459 1149 1679 1195 προχωρεῖν
1714 1144 1761 1185 δι’

182 1208 453 1258 Ἀλκιβιάδην
486 1208 608 1259 λόγος
642 1208 710 1258 ἦν,
743 1224 876 1264 neque
909 1211 1047 1252 hercle
1078 1213 1246 1253 iniuria.
1310 1211 1356 1253 Si
1388 1213 1612 1269 Agesilaus
1645 1214 1764 1266 φιλό-

184 1296 301 1330 τιμος
346 1279 394 1320 ὢν
436 1280 645 1336 Lysandri
686 1282 921 1335 potentiam
964 1282 1069 1323 ferre
1116 1296 1199 1324 non
1245 1287 1432 1337 poterat,
1481 1284 1581 1338 quid
1630 1286 1763 1326 animi

184 1352 311 1393 fuisse
344 1354 544 1405 putemus
576 1351 707 1407 Agidi
739 1351 936 1393 adversus
968 1355 1241 1409 peregrinum
1275 1358 1315 1396 et
1347 1358 1532 1397 veterem
1566 1354 1760 1396 hostem?

185 1421 231 1463 Si
276 1422 427 1478 Agidis
468 1422 635 1462 animus
678 1422 728 1463 ob
769 1422 1001 1464 Alcibiadis
1042 1425 1242 1465 iniuriam
1285 1426 1348 1466 ira
1387 1426 1579 1467 incensus
1614 1425 1762 1468 fuisset

185 1505 312 1547 quam
356 1491 478 1533 facile
521 1506 615 1533 eum
662 1491 679 1532 ὃ
724 1493 851 1544 ὑγραῖς
893 1493 962 1534 καὶ
1007 1497 1216 1547 τραφερᾶς
1247 1495 1448 1545 βασιλεύς
1482 1500 1556 1537 aut
1589 1495 1763 1551 Spartae

185 1565 258 1604 aut
299 1563 343 1602 in
385 1561 491 1603 Asia
532 1563 766 1617 opprimere
808 1565 1025 1618 potuisset.
1089 1564 1183 1607 Non
1226 1566 1355 1622 Agis,
1400 1566 1471 1607 sed
1515 1567 1591 1607 τῶν
1620 1566 1758 1609 ἄλλων

186 1637 459 1684 Σπαρτιατῶν
510 1634 542 1674 οἱ
592 1632 865 1676 δυνατώτατοι
908 1635 1053 1677 literas
1093 1638 1137 1677 in
1179 1636 1340 1678 Ioniam
1384 1651 1407 1678 a
1437 1638 1761 1693 magistratibus

184 1703 413 1745 mittendas
454 1708 705 1746 curaverunt
746 1708 795 1746 ut
838 1705 1077 1748 Alcibiades
1119 1707 1169 1749 de
1217 1707 1356 1749 medio
1394 1707 1624 1749 tolleretur.
1687 1708 1765 1750 Est

186 1787 332 1829 operae
374 1775 559 1829 pretium
604 1775 653 1816 de
685 1775 751 1816 his
784 1775 1079 1831 Thucydidem
1113 1778 1256 1819 audire
1289 1777 1400 1819 VIII.
1436 1778 1507 1820 45.
1545 1778 1764 1828 Ἀλκιβιά-

186 1845 255 1893 δης
288 1870 342 1875 —-—
379 1850 460 1890 τοῖς
495 1846 826 1894 Πελοποννησίοις
862 1845 1040 1893 ὕποπτος
1074 1847 1122 1888 ὢν
1151 1848 1220 1889 καὶ
1251 1849 1324 1889 ἀπ’
1353 1849 1483 1890 αὐτῶν
1511 1849 1762 1902 ἀφικομένης

188 1917 378 1962 ἑπιςολῆς
421 1915 517 1967 πρὸς
562 1916 764 1968 Ἀςύοχον
800 1918 844 1958 ἐκ
881 1917 1185 1968 Λακεδαίμονος
1218 1917 1285 1962 ὦς’
1317 1919 1571 1961 ἀποκτεῖναι.
1607 1917 1650 1968 ἦν
1680 1922 1764 1973 γαρ

189 1986 258 2029 καὶ
300 1987 353 2039 τῷ
391 1987 535 2036 ’Ἄγιδι
580 1987 719 2038 ἐχθρὸς
763 1988 831 2029 καὶ
866 1986 1004 2035 ἄλλως
1038 1988 1216 2035 ὕποπτος
1251 1990 1442 2042 ἐφαίνετο
1478 2015 1532 2021 -
1568 1991 1770 2043 ὑποχωρεῖ

190 2057 326 2104 δείσας
361 2057 474 2109 παρα
507 2058 806 2110 Τισσαφέρνην.
871 2059 1048 2100 Factum
1081 2060 1124 2101 id
1157 2063 1219 2102 est
1251 2074 1356 2102 anno
1391 2060 1492 2103 411.
1526 2062 1612 2103 iam
1647 2066 1768 2106 antea

191 2131 362 2184 Spartae
403 2128 643 2171 Alcibiades
674 2130 804 2186 Agidi
839 2131 1112 2172 obtrectabat.
1176 2131 1368 2188 Thucyd.
1403 2131 1515 2174 VIII.
1554 2131 1623 2174 12.
1655 2133 1767 2176 Alci-

192 2200 349 2249 biades,
394 2201 556 2253 inquit,
590 2200 809 2256 Ephorum
841 2201 1026 2242 Endium
1058 2210 1202 2243 secreto
1233 2204 1391 2244 monuit
1423 2204 1546 2245 καλὸν
1580 2201 1680 2247 εἶναι
1716 2205 1766 2247 δι’

194 2269 341 2310 ἐκείνου
389 2268 646 2326 (Alcibiadis)
693 2271 903 2319 αποςῆσαί
944 2287 989 2312 τε
1036 2270 1190 2313 Ἰωνίαν
1223 2271 1289 2313 καὶ
1323 2272 1508 2322 βασιλέα
1541 2273 1768 2328 ξύμμαχον

193 2347 357 2390 ποιῆσαι
402 2340 739 2390 Λακεδαιμονίοις
784 2342 851 2383 καὶ
896 2343 952 2392 μη
992 2343 1164 2392 ’Ἄγιδος
1207 2344 1251 2386 τὸ
1296 2342 1516 2394 οἷγώνισμα
1549 2348 1664 2388 τοῦτο
1698 2364 1769 2397 γε·

194 2413 339 2454 νέσθαι.
381 2412 595 2463 ἐτύγχανε
629 2412 710 2464 γαρ
743 2414 795 2464 τῷ
825 2413 968 2463 ’Ἄγιδι
1004 2414 1124 2458 αὐτὸς
1158 2413 1343 2466 διάφορος
1377 2414 1439 2457 ὤν.
1505 2415 1647 2458 Etiam
1681 2419 1769 2461 sine

192 2484 335 2525 uxoris
377 2483 527 2538 probro
568 2483 669 2525 haec
717 2483 900 2539 Agidem
944 2484 1056 2526 male
1095 2485 1283 2526 urebant.
1349 2485 1493 2527 Etiam
1526 2501 1631 2529 anno
1667 2487 1766 2530 404.

192 2553 340 2596 literae
372 2555 417 2594 in
449 2555 596 2595 Asiam
629 2555 783 2595 missae
814 2557 912 2595 sunt
944 2559 991 2595 ut
1022 2554 1261 2597 Alcibiades
1295 2555 1344 2597 de
1376 2557 1514 2599 medio
1551 2558 1769 2601 tolleretur

195 2626 255 2679 (et
285 2625 404 2667 brevi
435 2627 530 2679 post
561 2624 704 2679 periit)
739 2625 810 2666 sed
842 2638 924 2666 non
958 2625 1008 2667 ab
1040 2625 1197 2682 Agide.
1244 2625 1445 2669 Isocrates
1476 2628 1564 2680 περὶ
1600 2629 1767 2681 ζεύγους

193 2709 291 2752 pag.
335 2694 419 2736 355
439 2696 474 2736 b.
509 2694 643 2742 ἐπειδη
675 2694 910 2743 κατέςησαν
942 2697 974 2737 οἱ
1007 2697 1223 2748 τριάκοντα
1257 2722 1313 2728 -
1347 2698 1663 2749 Λακεδαιμόνιοι
1698 2700 1767 2741 καὶ

195 2766 423 2818 Λύσανδρος
469 2765 608 2815 ὁμοίως
644 2764 755 2816 ἔργον
789 2766 1026 2814 ἐποιήσαντο
1061 2767 1204 2809 ἐκεῖνον
1238 2768 1488 2810 ἀποκτεῖναι.
1555 2769 1770 2825 Lysander

195 2837 335 2878 studio
377 2837 558 2879 habebat
591 2836 788 2892 deditque
822 2851 991 2893 operam
1023 2841 1072 2880 ut
1103 2838 1342 2881 Alcibiades
1375 2839 1653 2890 occideretur,
1687 2855 1769 2884 non

195 2907 311 2963 Agis.
