1946 3298
909 142 992 185 143

221 269 441 313 Choricius
481 282 576 325 pag.
606 268 676 311 ¹74.
719 265 794 310 οἷον
835 273 954 322 φιλεῖ
995 269 1117 319 δῆμος
1163 276 1302 312 ποιεῖν.
1368 271 1638 328 Thucydides
1679 273 1733 316 II.

163 338 232 380 65.
269 336 362 390 ὅπερ
392 343 513 392 φιλεῖ
542 336 681 389 ὅμιλος
715 346 853 381 ποιεῖν.

222 480 442 523 Choricius
484 494 581 536 pag.
615 478 683 522 74.
728 484 805 522 τῶν
849 480 1020 532 θορύβων
1063 482 1201 528 αὐτοῖς
1245 485 1444 533 λαμπρῶς
1488 483 1732 534 λελυμένων.

161 551 430 608 Thucydides
461 549 514 591 II.
550 550 591 593 ¹7.
626 550 856 600 λελυμένων
889 557 1086 603 λαμπρῶς
1119 554 1195 593 τῶν
1228 553 1416 594 σπονδῶν.

222 672 327 728 Pag.
364 668 433 712 77.
468 668 600 710 ἴσασιν
634 671 667 711 οἱ
712 671 1011 723 πεπειραμένοι.
1077 671 1379 714 Demosthenes
1410 687 1507 730 pag.
1529 671 1628 715 782.
1666 673 1735 716 16.

163 742 275 784 ἴσασι
310 742 343 783 δ’
376 741 408 782 οἱ
441 741 740 792 πεπληγμένοι.

224 863 443 905 Choricius
476 875 572 917 pag.
603 859 671 902 ¹78.
707 861 870 909 ἤκουσεν
904 863 920 904 ὂ
953 864 1156 914 βασιλεὺς
1186 890 1238 895 —
1259 865 1403 917 ἀνδρῶν
1436 867 1619 918 οὐδαμῶς
1653 868 1738 911 οἵων

163 950 208 975 τε
240 933 472 984 ψεύδεσθαι.
538 931 843 975 Demosthenes
884 948 980 990 pag.
1011 934 1082 976 23.
1127 934 1166 976 3.
1206 935 1339 983 ἤκουον
1381 936 1520 989 ἀνδρὸς
1553 939 1736 990 οὐδαμῶς

162 1004 239 1047 οἵου
274 1021 320 1046 τε
362 1003 597 1056 ψεύδεσθαι.
661 1002 850 1045 Iulianus
892 1005 1021 1058 Epist.
1067 1006 1205 1048 XXII.
1250 1008 1345 1057 παρ’
1386 1008 1521 1059 ἀνδρὸς
1555 1010 1738 1061 οὐδαμῶς

162 1075 239 1118 οἵου
274 1093 318 1117 τε
353 1075 574 1126 ψεύδεσθαι
610 1073 911 1124 δεδιδαγμένος,
949 1077 1023 1117 ubi
1054 1076 1351 1133 Wyttenbach.
1389 1080 1432 1119 in
1463 1080 1591 1133 Epist.
1633 1082 1735 1122 Crit.

161 1161 260 1203 pag.
286 1146 356 1188 35.
391 1147 610 1200 adscripsit
641 1145 783 1187 locum
816 1146 1016 1188 Aristidis
1052 1148 1160 1189 Orat.
1188 1150 1348 1203 Aeyyspt.
1375 1164 1471 1207 pag.
1491 1150 1591 1192 334.
1611 1150 1738 1202 ἔγωγ’

163 1216 226 1260 οὖν
262 1217 438 1266 ἤκουσα,
474 1219 589 1258 τοῦτο
622 1217 667 1264 δη
700 1217 744 1257 τὸ
777 1219 846 1258 τοῦ
882 1218 1182 1270 Δημοσθένους,
1211 1219 1345 1271 οὲνδρὸς
1375 1221 1558 1272 οὐδαμῶς
1586 1221 1663 1264 οἵου
1691 1239 1736 1265 τε

159 1288 396 1340 ψεύδεσθαι.

227 1409 345 1462 Quod
379 1406 597 1450 Choricius
628 1423 724 1466 pag.
745 1408 813 1451 81.
847 1410 897 1451 de
924 1409 1160 1453 Alexandro
1193 1415 1234 1454 et
1259 1413 1549 1468 Epaminonda
1575 1421 1736 1468 narrat,

166 1484 357 1523 sumtum
391 1482 452 1521 est
486 1494 535 1521 ex
568 1479 729 1522 duobus
770 1480 990 1522 Plutarchi
1021 1481 1144 1523 locis:
1188 1484 1232 1523 in
1264 1485 1352 1525 vita
1387 1486 1554 1527 Periclis
1585 1502 1670 1542 cap.
1704 1487 1738 1529 I.

165 1554 181 1593 ὂ
217 1551 256 1592 δὲ
292 1552 494 1595 Φίλιππος
528 1550 622 1601 πρὸς
650 1551 717 1592 τὸν
750 1551 830 1592 υἱὸν
863 1552 1083 1604 ἐπιτερπῶς
1118 1552 1157 1594 έν
1190 1570 1262 1596 τινι
1297 1555 1404 1607 πότῳ
1437 1557 1636 1609 ψήλαντα
1670 1559 1736 1599 καὶ

167 1627 362 1674 τεχνικῶς
395 1619 532 1662 εἶπεν·
569 1623 688 1671 »Οὐκ
722 1621 901 1675 αἰσχύνη
930 1628 1064 1669 καλῶς
1098 1622 1198 1665 οὕτω
1229 1625 1456 1677 ψαλλων;”
1490 1632 1530 1670 et
1555 1630 1609 1669 ad
1623 1630 1739 1684 prin-

168 1695 287 1748 cipem
320 1693 560 1734 ineruditum
592 1706 688 1749 pag.
711 1691 809 1735 781.
831 1709 864 1736 e.
904 1695 920 1735 ὁ
960 1693 995 1735 δ’
1031 1696 1362 1745 Ἐπαμεινώνδας
1395 1698 1450 1744 εἷς
1485 1699 1616 1750 ἑορτήν
1648 1716 1740 1741 τινα

167 1765 234 1806 καὶ
269 1765 388 1806 πότον
423 1763 636 1811 οὲνειμένως
666 1768 741 1805 τῶν
776 1765 968 1815 Θηβαίων
1002 1765 1166 1817 ῥυέντων
1193 1766 1307 1816 μόνος
1339 1769 1514 1820 ἐφώδευε
1546 1770 1601 1811 τα
1630 1767 1739 1812 ὅπλα

167 1835 236 1878 καὶ
270 1835 324 1876 τα
359 1834 477 1885 τείχη
526 1835 664 1886 νήφειν
707 1835 838 1885 λέγων
883 1836 951 1876 καὶ
985 1837 1206 1887 οΞγρυπνεῖν
1240 1836 1344 1885 ὅπως
1379 1840 1447 1892 ἐξῇ
1481 1846 1563 1887 τοῖς
1599 1839 1741 1887 ἄλλοις

165 1907 324 1957 μεθύειν
357 1905 424 1946 καὶ
459 1904 674 1947 καθεύδειν.
725 1906 889 1958 Quanto
915 1907 1069 1949 melius
1097 1911 1138 1949 et
1171 1911 1342 1951 suavius
1375 1910 1628 1954 Plutarchus
1651 1927 1740 1954 rem

165 1978 355 2019 narravit
387 1990 512 2032 quam
546 1975 785 2028 Choricius‚
824 1979 897 2032 qui
928 1977 1242 2033 Epaminondae
1276 1980 1437 2022 dictum
1465 1997 1539 2037 per
1571 1984 1662 2025 vim
1690 1983 1743 2025 ad

167 2063 257 2090 rem
294 2061 414 2089 suam
447 2048 764 2089 accommodans
797 2050 938 2091 omnia
971 2051 1168 2104 corrupit.
1234 2050 1415 2094 Omnino
1449 2051 1667 2095 Choricius
1698 2055 1742 2095 in

168 2119 377 2174 decrepita
410 2116 585 2160 Graecia
618 2122 658 2160 et
699 2121 743 2160 in
776 2122 994 2162 teterrimo
1033 2120 1266 2177 flagitiosae
1301 2123 1554 2166 adulationis
1587 2125 1742 2166 foetore

167 2191 304 2231 vitam
338 2203 465 2245 agens
499 2190 662 2244 ubique
686 2192 834 2231 aetatis
867 2205 964 2232 suae
996 2193 1104 2233 vitia
1135 2194 1295 2247 resipit.
1360 2193 1518 2236 Scribit
1554 2209 1650 2252 pag.
1671 2194 1740 2237 64.

167 2260 260 2301 olim
293 2260 368 2300 siba·
399 2260 569 2300 sterilem
601 2265 637 2301 et
665 2263 839 2316 effoetam
872 2266 1054 2302 natm-am
1084 2262 1206 2303 visam
1238 2276 1337 2304 esse:

376 2335 483 2371 terra
513 2332 633 2371 malos
664 2332 834 2372 homines
866 2347 968 2372 nunc
1000 2334 1138 2373 educat
1168 2338 1282 2388 atque
1307 2335 1487 2388 pusillos.

171 2415 302 2455 quum
346 2415 438 2442 ecce
479 2402 650 2443 Aratius
692 2406 734 2444 et
774 2401 1010 2457 Stephanus
1050 2405 1140 2445 nati
1183 2408 1280 2445 sunt
1321 2409 1361 2446 et
1396 2408 1453 2448 sic
1485 2410 1634 2449 natura
1676 2409 1742 2450 δια

170 2472 269 2522 μιᾶς
303 2470 446 2522 ἀνδρῶν
481 2471 683 2523 ξυνωρίδος
717 2473 988 2523 ἀπολογεῖται
1023 2475 1075 2526 τῷ
1111 2475 1277 2526 παρόντι
1311 2478 1461 2531 καιρῷ,
1495 2491 1597 2532 quos
1635 2478 1744 2521 Rhe-

170 2544 236 2583 tor
277 2542 339 2583 ita
378 2543 619 2584 immodicis
660 2542 857 2585 laudibus
901 2544 1016 2586 effert
1056 2546 1100 2585 in
1142 2545 1305 2587 coelum
1349 2552 1397 2588 ut
1428 2547 1667 2604 legentibus
1699 2551 1744 2591 in

169 2611 366 2654 libertate
397 2614 506 2654 natis
538 2613 758 2655 fastidium
790 2615 924 2669 pariat
955 2628 1001 2656 ac
1031 2629 1241 2657 nauseam.

229 2746 314 2787 Ad.
336 2745 620 2788 Iustinianum
660 2746 941 2797 laudandum,
988 2750 1037 2789 ut
1077 2749 1224 2791 scribit
1254 2763 1351 2806 pag.
1382 2749 1452 2791 65.
1496 2752 1618 2804 ἐχρῆν
1650 2768 1743 2795 τινα

169 2819 318 2868 Ἑρμοῦ
352 2817 490 2868 λογίου
523 2818 648 2860 τύπον
681 2819 735 2865 εἷς
765 2819 986 2870 ἀνθρώπους
1015 2819 1164 2870 ἐλθεῖν,
1192 2819 1496 2870 Iustinianum,
1523 2820 1549 2863 ὦ
1577 2827 1743 2866 Μοῦσαι

170 2886 317 2940 Φίλαιὲ
