1946 3298
980 169 1035 212 64

223 300 428 355 Scriptura
464 299 586 342 haec:
630 298 695 339 ἐπὶ
729 299 802 348 μὲν
836 301 911 338 τῶν
945 294 1214 345 ΔΙΚαςηρίων
1245 297 1322 334 τῶν
1355 293 1632 342 καθεςηκότων
1667 308 1794 340 κατη-

224 373 417 420 γοροῦμεν
451 369 519 410 καὶ
553 368 730 419 λέγομεν
762 369 811 414 ὡς
844 367 1024 409 οὐδέποτ’
1059 366 1096 406 ἐν
1131 364 1384 418 δημοκρατίᾳ
1417 364 1554 406 κακιον
1588 363 1797 405 ἐπολιτεύυ

225 441 361 491 θημεν.
424 439 566 482 Etiam
608 454 717 481 nunc
758 438 939 480 salutem
980 435 1125 478 attulit
1168 435 1371 483 Urbinas,
1413 436 1459 475 in
1496 448 1577 489 quo
1609 439 1694 477 est:
1729 434 1794 475 ἐπὶ

225 512 298 560 μὲν
340 512 415 552 τῶν
460 510 743 560 ἘΡΓαςηρίων
792 508 1019 560 καθίζοντες
1068 509 1372 557 κατηγοροῦμεν
1419 509 1495 546 τῶν
1546 505 1794 549 καθεςώτων.

223 582 317 624 Hoc
348 596 520 631 sanum,
553 582 631 623 hoc
662 594 811 622 verum
843 583 918 620 est.
981 576 1141 618 Eodem
1173 578 1308 633 igitur
1337 576 1463 618 modo
1495 575 1576 617 Dio
1602 576 1795 618 dederat:

226 653 294 695 καὶ
329 653 394 693 ἐπὶ
427 657 503 693 τῶν
533 651 831 701 ἘΡΓαςηρίων.
894 647 1010 690 Haec
1043 650 1131 688 erat
1162 646 1342 688 Socratis
1373 651 1415 689 et
1447 648 1638 689 omnium
1671 647 1797 688 Athe-

223 726 433 766 niensium
467 722 742 765 consuetudo:
777 719 843 760 ἐπὶ
877 722 952 760 τῶν
987 717 1230 777 ἐργαςηρίων
1263 718 1451 759 sedentes
1482 719 1591 759 inter
1623 731 1666 759 se
1704 731 1797 759 con-

224 794 417 837 fabulari.
481 794 596 835 Leve
637 793 794 833 vitium
837 789 1025 843 concepit
1063 787 1181 830 locus
1213 788 1406 830 Isocratis
1439 788 1533 839 πρὸς
1568 788 1795 838 Καλλίμα-

224 881 299 917 χον
341 880 435 922 pag.
484 863 582 906 372.
628 861 794 912 καθίζων
825 860 932 901 'em
967 863 1047 905 τοῖς
1083 859 1328 910 ἐργαςηρίοις
1363 859 1509 909 λόγους
1545 859 1713 900 ἐποιεῖτο
1745 861 1795 906 ὡς

224 937 331 978 δεινοὶ
365 935 582 980 πεπονθώς.
647 933 712 974 Ex
741 934 832 987 ipsa
863 932 923 972 rei
954 936 1105 972 natura
1135 943 1258 972 nemo
1291 931 1350 971 sic
1381 930 1652 985 loquebatur:
1688 930 1797 972 dice-

223 1007 325 1048 bant
356 1008 469 1048 enim
503 1008 575 1047 aut
607 1005 670 1045 ἐπ’
704 1003 961 1054 ἐργαςηριου,
996 1000 1062 1042 ἐπὶ
1096 1005 1171 1042 τῶν
1205 1000 1471 1054 ἐργαςηρίων,
1505 1004 1578 1042 aut
1605 1001 1642 1041 ἓν
1672 1001 1796 1052 ἔργα·

225 1077 363 1130 ςηρίῳ,
408 1078 446 1118 ἐν
487 1082 568 1122 τοῖς
611 1074 882 1126 ἕργαςηρίοις,
926 1076 968 1115 et
1009 1073 1204 1121 καθῆσθαι
1249 1072 1311 1112 ἐπ’
1355 1070 1615 1123 ἐργαςηρίου,
1648 1074 1697 1113 ut
1728 1069 1793 1112 ἐπὶ

224 1147 389 1199 τέγους,
433 1147 494 1189 ἐπ’
537 1148 754 1196 οἰκήματος
789 1149 830 1186 et
860 1142 1083 1196 τεθράφθαι
1119 1144 1156 1184 ἐν
1191 1143 1411 1194 ἑργαςηρίῳ
1445 1146 1487 1184 et
1518 1144 1612 1184 sim.
1676 1141 1798 1183 Nihil

225 1224 287 1261 est
329 1219 378 1260 de
420 1217 587 1260 Socrate
629 1218 828 1258 usitatius
870 1229 997 1270 quam
1030 1214 1094 1255 ἐπὶ
1128 1217 1204 1254 τῶν
1236 1213 1495 1266 ἐργαςηρίων.
1558 1213 1797 1254 Athenaeus

224 1304 265 1344 p.
308 1288 394 1330 220
413 1302 451 1330 Ε.
499 1287 717 1337 Σωκράτης
759 1287 775 1328 ὅ
819 1287 929 1336 μετα
964 1289 1039 1326 τῶν
1074 1286 1309 1328 Ἀσπασίας
1344 1284 1590 1333 αὐλητρίδων
1621 1283 1685 1324 ἐπὶ
1719 1284 1796 1324 τῶν

225 1360 468 1411 ε’ργαςηρίων
500 1358 801 1409 συνδιατρίβων.
852 1356 1057 1399 Aristides
1088 1355 1122 1397 I.
1158 1370 1195 1410 p.
1236 1354 1332 1396 181.
1367 1354 1489 1396 Dind.
1526 1355 1542 1396 ὅ
1578 1353 1795 1404 Σωκράτης

225 1435 378 1474 πλεῖςα
413 1430 627 1478 Ἀθηναίων
662 1429 727 1470 ἐπὶ
761 1433 836 1469 τῶν
869 1426 1076 1479 τραπεζῶν
1104 1426 1171 1467 καὶ
1199 1431 1275 1467 τῶν
1302 1426 1546 1477 ἐργαςηρίων
1574 1424 1797 1475 διελέγετο.

223 1502 427 1544 Libanius
470 1503 514 1542 in
558 1500 728 1541 Socratis
772 1499 962 1553 Apoloyz'a
1005 1497 1122 1539 Tom.
1150 1487 1240 1538 'HL
1284 1511 1324 1552 p.
1371 1496 1410 1538 3.
1454 1495 1584 1549 ὥσπερ
1622 1496 1686 1537 ἐπὶ
1721 1496 1798 1537 τῶν

224 1572 468 1623 ἕργαςηρίων
509 1569 608 1613 οὕτω
652 1571 718 1611 καὶ
753 1573 818 1611 νῦν
851 1570 890 1610 ἐν
924 1569 1018 1618 ὑμῖν
1050 1568 1294 1615 διείλεκται,
1331 1571 1373 1609 et
1403 1583 1441 1623 p.
1478 1567 1546 1609 29.
1584 1569 1615 1609 εἰ
1648 1567 1797 1609 τούτων

223 1644 413 1693 μνησθείη
459 1658 518 1688 τις
551 1642 613 1682 ἐπὶ
649 1644 725 1682 τῶν
759 1640 1022 1691 ε’ργαςηρίων,
1058 1643 1099 1681 et
1131 1641 1295 1694 saepius
1328 1638 1431 1680 alibi
1463 1642 1504 1679 et
1537 1638 1647 1693 apud
1680 1638 1796 1681 alios.

283 1714 508 1756 Neminem
540 1727 648 1754 nunc
681 1712 857 1754 arbitror
889 1711 1182 1752 dubitaturum
1217 1711 1317 1765 quin
1350 1709 1459 1764 apud
1491 1709 1669 1751 Dionem
1700 1723 1798 1764 quo-

225 1800 303 1841 que
346 1784 410 1826 ἐπὶ
455 1789 529 1825 τῶν
573 1783 859 1833 ἘΡΓας-ηρίων
902 1796 1051 1824 verum
1091 1783 1146 1823 sit
1173 1795 1245 1836 pro
1282 1781 1570 1830 ΔΙΚαςηρίων,
1605 1785 1654 1821 ut
1687 1780 1798 1835 apud

222 1856 445 1897 Isocratem
479 1869 542 1897 res
577 1859 638 1896 est
671 1858 787 1896 extra
819 1867 985 1895 omnem
1022 1853 1347 1894 controversiam
1374 1853 1520 1906 posita.
1571 1850 1798 1892 Videamus

223 1941 333 1968 nunc
366 1940 446 1981 quo
478 1930 597 1980 pacto
630 1930 716 1967 tam
752 1924 920 1966 evidens
946 1923 1147 1965 mendum
1175 1924 1289 1964 nasci
1315 1924 1513 1977 potuerit.
1562 1921 1610 1963 In
1637 1921 1798 1977 palaeo-

224 1997 400 2054 graphia
432 2011 541 2038 nunc
575 1996 744 2051 quidem
774 1995 884 2036 nihil
916 1999 977 2036 est
1011 1993 1173 2036 auxilii.
1222 1992 1344 2035 Nihil
1371 1994 1480 2034 inter
1506 2007 1548 2034 se
1575 2007 1799 2035 commune

222 2068 378 2109 habent
407 2073 500 2108 ΕΡΓ
537 2071 577 2108 et
613 2072 729 2115 ΔΙΚ,
764 2068 808 2107 111
840 2065 957 2107 nullo
985 2067 1213 2120 scripturae
1239 2078 1402 2120 genere.
1453 2063 1614 2119 Nempe
1638 2063 1800 2105 lacunis

224 2138 454 2179 maioribus
486 2138 719 2179 minoribus
751 2137 963 2178 scatebant
994 2135 1093 2177 libri
1120 2136 1278 2176 vetusti
1305 2134 1507 2175 maculati
1539 2139 1612 2176 aut
1643 2135 1800 2190 perrosi

225 2213 297 2250 aut
329 2209 497 2250 madore
529 2210 713 2263 corrupti
738 2212 787 2249 ut
816 2209 974 2262 passim
1005 2208 1177 2260 antiqua
1208 2207 1414 2260 scriptura
1441 2205 1607 2261 fugiens
1636 2209 1677 2247 et
1705 2219 1798 2247 eva-

223 2280 321 2321 nida
353 2278 569 2320 oculorum
603 2280 736 2320 aciem
770 2278 966 2319 eluderet.
1034 2276 1222 2318 Sarcitur
1254 2277 1390 2332 igitur
1420 2279 1650 2330 utcumque
1683 2276 1798 2317 dam-

224 2365 328 2391 num
362 2354 402 2390 et
431 2349 621 2404 expletur
655 2349 764 2403 quod
796 2354 883 2390 erat
916 2349 1132 2389 amissum.
1184 2346 1303 2398 Quod
1335 2347 1371 2387 si
1399 2345 1606 2387 Porsonus
1634 2346 1799 2388 fecisset

225 2434 313 2462 rem
344 2419 503 2461 salvam
535 2419 796 2460 haberemus.
861 2418 982 2460 Nunc
1013 2418 1312 2459 homunciones
1338 2416 1463 2457 nihili
1490 2418 1577 2457 sine
1603 2418 1795 2474 ingenio,

225 2492 314 2532 sine
356 2494 463 2539 arte,
512 2503 652 2531 rerum
695 2500 736 2530 et
772 2489 995 2530 verborum
1026 2489 1197 2543 perinde
1230 2489 1368 2544 ignari
1406 2493 1562 2529 temere
1595 2487 1799 2542 quidquid

224 2562 268 2602 in
300 2561 474 2601 buccam
507 2562 622 2601 venit
655 2560 918 2600 substituunt
950 2563 1284 2613 supponuntque.
1343 2557 1566 2612 Supererat
1597 2558 1798 2599 *ssssAc-

227 2635 469 2679 ΤΗΡΙΩΝ,
507 2634 548 2670 at
580 2629 645 2670 illi
676 2629 910 2671 inconsulto
945 2629 1179 2679 δικαςηρίων
1213 2629 1428 2671 dederunt.

286 2700 398 2756 Ergo
441 2699 595 2754 duplex
641 2703 701 2740 est
744 2699 1083 2741 emendationum
1126 2711 1283 2756 genus:
1327 2701 1371 2740 in
1403 2698 1496 2740 aliis
1529 2699 1671 2740 subest
1705 2713 1800 2741 vera

225 2772 351 2813 lectio
392 2772 436 2811 in
477 2772 703 2825 scripturae
745 2770 935 2824 reliquiis
974 2774 1192 2825 potestque
1230 2772 1365 2825 perita
1394 2784 1523 2811 manu
1555 2769 1652 2811 elici
1684 2774 1725 2811 et
1755 2772 1799 2811 in

227 2843 361 2884 vitam
394 2840 614 2895 lucemque
645 2840 780 2882 redire
791 2854 801 2890 ;
835 2843 879 2881 in
912 2840 1006 2881 aliis
1039 2842 1191 2882 amissa
1224 2845 1285 2882 est
1319 2844 1359 2882 et
1392 2840 1513 2895 plane
1544 2842 1689 2895 periit,
1729 2840 1800 2882 sed

226 2925 539 2968 nonnumquam
575 2926 620 2952 ea·
651 2911 732 2965 {7230
764 2911 978 2952 sententiae
990 2911 1154 2966 fundo,
1188 2915 1236 2953 ut
1263 2910 1479 2952 Bentleius
1507 2910 1636 2960 dixit,
1664 2914 1801 2966 potest
