1946 3298
945 122 1030 165 :248

213 249 426 307 κηρύκων)
461 252 510 293 ‘O
547 256 748 293 AHMOC
781 250 865 292 κτὲ.
899 253 941 291 et
972 250 1016 290 in
1048 261 1135 302 sqq.
1170 244 1228 287 ὅτι
1263 245 1372 298 (τοὺς
1406 243 1614 298 τυράννους
1654 256 1784 283 mci-x-

212 323 344 366 λύσας
376 321 463 378 καὶ)
495 322 586 368 τοὺς
620 320 855 372 βαρβάρους
889 319 1244 367 καταπολεμήσκς
1278 318 1345 359 καὶ
1381 317 1456 363 τὰς
1490 315 1670 366 μεγίςοις
1710 317 1785 354 τῶν

212 391 596 434 ἈΝΛΟΤΑΤΩΝ
641 392 732 446 (pro
773 390 1031 446 Ἑλληνίδων)
1077 389 1232 430 πόλεων
1274 388 1478 434 &vetulo-aq
1514 384 1786 438 (Plutarchus

212 462 325 504 male
371 463 541 512 οἰκίσας)
590 461 715 509 αἴτιος
763 463 928 512 ἐγενήθη
978 466 1050 508 τῆς
1100 459 1322 510 ἐλευθερίοις
1372 463 1452 505 τοῖς
1504 458 1784 502 Σικελιώταις.

211 531 348 575 Verba
393 533 546 574 ultima
592 534 684 588 ipsa
730 534 914 575 servavit
954 531 1228 573 Plutarchus:
1273 528 1457 571 ἀπέδωκε
1501 530 1592 575 τοὺς
1641 527 1783 576 νόμους

212 609 295 649 τοῖς
328 606 608 650 Σικελιώταις.

273 674 337 717 Ex
377 675 443 716 his
485 675 643 729 optime
683 673 870 730 intelligi
899 677 1036 729 potest
1068 686 1197 728 quam
1228 673 1383 713 misere
1416 671 1623 726 corruptis
1656 673 1697 711 et
1727 668 1786 711 la-

213 747 378 787 cunosis
410 744 583 787 Diodori
616 742 840 787 (lodicibus
871 747 1056 786 utamur.

272 815 432 857 Eadem
473 829 597 870 opera
638 815 736 856 hinc
771 814 1056 872 intelligimus
1086 815 1130 855 in
1162 814 1454 856 huiuscemodi
1488 813 1695 856 erroribus
1726 813 1787 853 in-

213 887 416 944 dagandis
449 891 490 928 et
523 885 779 942 corrigendis
812 885 922 927 nihil
953 884 1151 940 proficere
1179 898 1247 927 eos
1275 886 1348 940 qui
1373 886 1489 926 anxii
1515 885 1625 926 circa
1653 885 1788 938 apices

212 962 253 1000 et
308 958 464 999 formas
510 957 731 998 literarum
777 957 977 998 haereant
1019 960 1165 1011 utpote
1207 958 1251 997 in
1292 957 1445 1010 quibus
1486 954 1595 996 nihil
1637 959 1699 996 est
1745 955 1790 995 in

211 1028 368 1070 talibus
411 1027 572 1070 auxilii.
635 1027 730 1069 Non
775 1032 948 1082 possunt
981 1027 1200 1069 oculorum
1233 1041 1368 1068 errore
1400 1027 1618 1070 άνκςοὶτων
1651 1030 1692 1068 et
1726 1025 1789 1066 ἐλ-

211 1104 378 1146 ληνικῶν
423 1098 646 1147 confundi,
691 1098 761 1139 sed
804 1102 927 1139 vetus
968 1097 1118 1139 lacuna
1160 1099 1300 1153 potuit
1341 1111 1363 1138 a
1406 1097 1523 1139 futili
1561 1102 1789 1140 correctore

210 1184 431 1226 perperam
475 1171 534 1211 sic
577 1168 749 1224 expleri.
817 1167 972 1211 Contra
1015 1171 1089 1224 qui
1132 1171 1260 1210 sentit
1303 1169 1517 1216 ἑλληνικῶν
1561 1167 1670 1209 nihil
1702 1182 1790 1210 esse

214 1246 255 1283 et
296 1240 471 1283 meliore
513 1239 716 1283 vocabulo
748 1240 913 1281 hiatum
947 1241 1093 1282 sarciri
1126 1243 1338 1294 oportere,
1373 1241 1411 1281 ei
1443 1253 1535 1294 spes
1570 1243 1632 1280 est
1663 1242 1712 1280 ut
1745 1241 1788 1279 in

210 1310 429 1356 ἀνοιςοέτων
471 1310 650 1360 incidat,
696 1312 795 1365 quia
836 1311 913 1352 hoc
955 1310 1094 1352 solum
1134 1312 1341 1352 sententia
1383 1310 1465 1352 loci
1509 1313 1550 1352 et
1598 1310 1790 1352 admittit

212 1386 254 1425 et
297 1381 497 1438 postulat.
559 1381 696 1423 Nemo
741 1382 855 1423 enim
890 1381 1039 1423 urbem
1088 1379 1318 1434 ἈΝοικίζει
1364 1383 1446 1423 nisi
1480 1382 1551 1428 τὴν
1584 1380 1790 1425 οἰνάς-οιτον

213 1453 444 1505 γενομένην.

272 1575 352 1616 Lib
394 1573 507 1615 XVI.
543 1573 615 1615 93.
651 1577 721 1616 τοῦ
757 1579 961 1616 Φιλίππου
991 1573 1083 1626 πρὸς
1118 1575 1349 1627 ΠλευρίΑΝ
1383 1578 1507 1616 ΤΟΝ
1540 1578 1615 1616 τῶν
1651 1571 1788 1616 Ἰλλυ·

211 1651 295 1698 ριῶν
353 1644 537 1696 βασιλέκ
589 1645 936 1698 δικγωνιζομένου.
1021 1644 1300 1688 Scribendum
1348 1646 1442 1698 πρὸς
1491 1645 1788 1697 ΠλεύρΑΤΟΝ

209 1722 331 1758 ΤΟΝ
367 1717 569 1768 Ἰλλυριῶν
603 1716 803 1767 βασιλέα.
866 1717 1077 1772 Frequens
1109 1717 1153 1759 id
1184 1731 1338 1759 nomen
1369 1719 1414 1758 in
1446 1716 1693 1773 Illyriorum
1730 1731 1791 1759 re-

210 1789 337 1845 gibus
383 1788 493 1843 apud
536 1787 769 1844 Polybium
812 1791 852 1830 et
895 1788 1093 1842 Livium,
1137 1788 1209 1830 sed
1246 1788 1447 1841 Πλευρίοις
1481 1801 1635 1830 nomen
1666 1801 1790 1830 nemo

210 1873 418 1915 umquam
450 1859 627 1902 audivit.

270 1979 365 2021 Lib.
414 1978 546 2022 XVII.
584 1981 651 2022 17.
686 1981 725 2022 6.
761 1977 934 2022 Codices
967 1981 984 2022 ὃ
1017 1981 1092 2029 μὲν
1125 1980 1242 2028 θύτης
1278 1979 1565 2032 Ἀλέξανδρος,
1601 1980 1741 2022 editur
1772 1980 1789 2022 ὁ

208 2052 283 2103 μὲν
327 2052 446 2100 θύτης
496 2052 837 2103 ἈΡΙΕΤοινδρος,
883 2051 954 2093 sed
998 2053 1096 2107 quia
1139 2052 1214 2100 μέν
1246 2053 1398 2094 vitiose
1432 2051 1617 2093 abundat
1648 2050 1790 2108 legen-

208 2122 331 2165 dum:
366 2122 382 2164 ὁ
416 2127 642 2164 MANTIC
676 2121 944 2173 Ἀρίςκνδρος.
979 2126 1020 2163 et
1052 2123 1200 2163 statim
1232 2124 1440 2177 sequitur:
1477 2121 1493 2162 ὁ
1528 2121 1789 2173 Ἀλέξκνδρος

207 2193 508 2243 ἀποδεξάμενος
543 2194 614 2241 τὴν
646 2197 715 2233 τοῦ
750 2197 1041 2234 ΜΑΝΤΘΩΟ
1078 2191 1310 2247 πρόρρησιν,
1345 2196 1386 2234 et
1416 2193 1574 2247 passim
1599 2194 1788 2235 Aristan-

209 2265 282 2306 der
312 2265 328 2306 ὁ
363 2263 511 2315 μάντις
545 2263 795 2319 appellatur.

267 2384 361 2427 Lib.
403 2384 537 2426 XVII.
574 2384 643 2427 20.
679 2385 718 2425 4.
755 2384 771 2425 ὁ
804 2384 1006 2435 βασιλεὺς
1041 2384 1086 2426 τὸ
1119 2384 1242 2435 βέλος
1275 2385 1330 2436 τῷ
1364 2383 1554 2435 βραχίονι
1586 2389 1784 2427 neme).—

205 2455 370 2505 κόμενον
413 2456 623 2507 (ἐπέρριψε.
689 2455 800 2507 Quid
832 2455 914 2497 sibi
946 2455 1040 2497 vult
1073 2457 1117 2496 in
1151 2455 1228 2497 tali
1259 2470 1303 2498 re
1334 2454 1625 2497 HeP15‘7.nszv?
1690 2458 1785 2498 Cor-

202 2526 429 2583 rigendum
463 2526 815 2580 ΠΑΡελκόμενον,
847 2530 896 2567 ut
929 2524 1137 2568 Camillus
1169 2526 1280 2582 apud
1311 2526 1590 2568 Plutarchum
1623 2529 1666 2568 in
1698 2529 1783 2569 vita

203 2611 291 2652 cap.
327 2596 375 2645 2,
410 2596 565 2638 dicitur
596 2596 734 2638 femur
765 2596 903 2639 iaculo
935 2596 1062 2638 infixo
1095 2595 1369 2639 vulneratum
1401 2597 1559 2639 habens
1593 2597 1783 2647 ἐγκείμε·

203 2684 262 2710 νον
304 2669 359 2720 τῷ
397 2667 606 2720 τραύματι
640 2667 852 2718 παρέλκων
884 2667 928 2708 τὸ
964 2666 1194 2719 ἀκόντισμα
1216 2672 1365 2709 -τῶν
1397 2668 1601 2717 πολεμίων
1635 2668 1783 2720 τροπὴν

205 2754 383 2787 ποιησαι.

259 2870 351 2915 Lib.
386 2869 517 2913 XVII.
553 2869 623 2912 34.
662 2870 698 2913 8
732 2871 814 2913 ἀπὸ
844 2872 1011 2926 κράτους
1041 2873 1276 2920 ἐλκύνοντες
1307 2872 1398 2922 τοὺς
1429 2870 1591 2920 ἵππους.
1623 2874 1664 2914 et
1692 2884 1778 2927 cap.
