1946 3298
870 167 953 212 419

119 308 203 339 non
233 293 372 339 multa
402 293 683 350 Nicomacho,
716 292 788 337 sed
818 293 945 352 longe
978 295 1170 339 omnium
1196 296 1486 354 ineptissimus
1514 299 1576 342 est
1600 296 1698 343 Dio-

121 379 271 423 genes,
316 379 442 421 quem
482 380 565 409 non
608 366 777 409 erubuit
818 368 970 407 testem
1010 367 1237 422 producere
1278 367 1539 424 Porphyrius
1570 370 1592 424 ξ
1626 369 1696 412 10.

122 435 335 486 Διογένους
379 436 417 477 ἐν
459 442 541 484 τοῖς
588 436 685 488 ὑπὲρ
731 434 887 483 Θούλην
932 435 1092 483 οέπίςοις
1137 438 1192 479 τὰ
1227 438 1339 480 nom-134
1371 437 1438 480 τὸν
1468 438 1696 493 φιλόσοφον

120 508 380 549 ἈΚΡΙΒΩΟ
407 505 624 553 διελθόντος
652 504 784 556 ἔκρινοι
812 504 1012 556 μηδαμῶς
1039 506 1095 548 τοὶ
1121 507 1262 550 τούτου
1287 508 1513 560 παρελθεῖν.
1561 507 1697 559 Quam

119 576 298 633 puerilia
344 580 581 619 commenta
625 577 670 618 in
716 577 793 618 hoc
840 578 1062 632 nugatorio
1105 577 1213 620 libro
1256 580 1410 634 scripta
1452 578 1609 619 fuerint
1649 591 1699 619 ex

119 648 265 690 Photii
305 648 554 689 Bibliotheca
595 648 816 701 novimus,
860 647 933 701 qui
964 647 1008 687 in
1041 646 1170 689 Codd.
1208 647 1307 690 166.
1345 647 1698 705 ('Aveyvcho·6no·aev

121 717 332 760 Ἀντωνίου
378 716 590 767 Διογένους
634 719 711 758 τῶν
754 716 848 768 ὑπὲρ
890 716 1046 765 Θούλην
1079 717 1236 762 oin-lem
1268 718 1382 770 λόγοι
1416 720 1523 774 ΚΔ.)
1559 717 1698 761 multa

121 803 172 831 ex
214 801 260 831 eo
298 789 524 843 excerpsit,
558 789 603 829 in
634 787 786 843 quibus
819 789 861 828 et
892 786 994 829 haec
1026 790 1123 829 sunt
1153 802 1249 845 pag.
1286 787 1369 831 109
1388 790 1423 830 b.
1460 788 1527 831 13.
1560 788 1695 831 Bekk.

120 857 188 900 κοιὶ
233 854 308 899 ὅσοι
353 857 480 899 πάλιν
522 857 568 908 ἐξ
609 857 799 910 ’Λςροιίου
841 856 1031 908 λέγοντος
1075 857 1218 907 ἤκουσε
1261 858 1350 911 περί
1386 875 1432 900 τε
1462 857 1698 911 Πυθαγόρου

121 927 230 981 φημὶ
270 927 337 970 καὶ
383 926 650 980 Μνησάρχου.
714 927 841 969 Vides
885 927 1124 970 fabulosum
1166 929 1391 972 Astraeum
1440 942 1463 971 a
1508 929 1696 987 Diogene

121 998 268 1041 fictum
310 998 545 1054 Porphyrio
583 999 844 1054 imposuisse.
909 997 972 1039 Ex
1013 999 1254 1042 istiusmodi
1284 1000 1463 1042 testibus
1494 999 1604 1041 nihil
1635 1002 1697 1042 est

115 1072 204 1112 tam
248 1068 477 1111 absurdum
521 1069 632 1124 quod
673 1069 943 1125 Pythagorae
984 1069 1307 1123 prudentissimo
1355 1074 1395 1112 et
1441 1070 1693 1127 gravissimo

114 1141 205 1183 viro
244 1153 326 1182 non
358 1140 603 1195 imputetur.
670 1138 947 1180 Subridemus
979 1140 1053 1180 ubi
1084 1144 1226 1182 narrat
1258 1141 1407 1183 Livius
1440 1155 1489 1183 ex
1520 1138 1694 1183 Pontifi-

116 1224 213 1253 cum
254 1209 374 1252 libris
419 1211 573 1261 „bovem
599 1210 821 1265 foeminam
856 1210 1024 1250 locutam
1056 1210 1183 1261 esce,’'
1216 1211 1287 1253 sed
1318 1212 1419 1266 quid
1451 1211 1698 1269 Pythagora

114 1280 263 1330 faciaS,
321 1281 393 1335 qui
445 1280 518 1322 diu
566 1283 606 1322 et
651 1280 840 1322 multum
889 1294 986 1322 cum
1031 1281 1138 1324 bove
1185 1281 1475 1324 confabulatus
1523 1281 1693 1323 tandem

114 1351 294 1392 bestiam
330 1350 597 1393 iureiurando
647 1350 790 1407 adegit
839 1350 1048 1405 (ὥρκωσεν)
1098 1366 1330 1408 numquam
1379 1367 1476 1395 eum
1522 1351 1696 1408 posthac

114 1421 230 1463 fabas
263 1435 350 1463 esse
383 1425 655 1479 gustaturum
691 1419 749 1477 1);
784 1423 856 1476 qui
888 1421 1025 1463 femur
1056 1422 1237 1464 habebat
1269 1436 1471 1473 aureum;
1507 1425 1580 1478 qui
1611 1437 1694 1466 uno

115 1495 156 1534 et
187 1491 332 1534 eodem
369 1491 435 1533 die
467 1491 740 1533 Tauromenii
769 1494 811 1533 et
841 1491 1078 1546 Metaponti
1105 1507 1202 1534 cum
1230 1493 1449 1549 discipulis
1477 1494 1692 1545 disseruit,

114 1562 224 1617 quod
255 1562 353 1604 boni
384 1561 451 1604 illi
482 1565 608 1605 testes
637 1576 786 1604 verum
820 1576 906 1604 esse
936 1563 1164 1617 putabant,
1198 1566 1240 1605 et
1267 1564 1424 1606 bonum
1456 1578 1597 1607 senem
1622 1579 1696 1620 per

114 1636 251 1675 aerem
313 1632 505 1675 volitasse
562 1632 878 1687 (ἀεροβατῆσοιι)
928 1634 1259 1688 suspicabantur.
1338 1634 1467 1677 Mitto
1512 1635 1694 1691 reliquas

112 1717 248 1760 nugas
290 1706 453 1758 praeter
498 1717 644 1753 unam,
690 1704 787 1758 quia
829 1706 916 1745 tam
948 1704 1127 1746 ridicula
1159 1708 1231 1746 est.
1296 1704 1529 1747 Memoriae
1559 1707 1695 1761 prodi-

113 1773 264 1816 derunt
305 1774 495 1816 homines
537 1773 774 1816 futilissimi
813 1776 1023 1829 optimum
1068 1774 1361 1832 Pythagoram
1407 1776 1535 1819 fuisse
1566 1777 1693 1820 Deum

112 1844 366 1886 immortalem
396 1845 564 1886 hominis
584 1845 727 1900 forma
759 1845 961 1894 indutum,
988 1859 1122 1899 neque
1146 1845 1191 1886 id
1217 1847 1318 1887 satis
1346 1849 1457 1888 erat:
1486 1847 1693 1891 inducunt

110 1915 402 1973 Pythagoram
434 1917 574 1971 ipsum
607 1915 782 1957 Abaridi
815 1916 875 1956 ita
912 1915 1120 1957 dicentem
1152 1916 1175 1971 ξ
1209 1915 1287 1957 92:
1317 1913 1376 1958 ὅτι
1405 1917 1470 1959 ἐπὶ
1500 1918 1693 1976 θεραπείᾳ

111 1984 179 2027 καὶ
222 1985 435 2039 εὐεργεσίᾳ
478 1989 553 2026 τῶν
595 1984 805 2036 ἀνθρώπων
846 1983 929 2033 ἥκοι
974 1985 1041 2026 καὶ
1081 1986 1146 2028 διὰ
1180 1989 1298 2029 τοῦτο
1331 1988 1691 2047 ἀνθρωπόμορφος,

110 2054 174 2097 Tm
215 2056 272 2106 μὴ
314 2054 553 2109 ξενιζόμενοι
596 2055 689 2107 πρὸς
733 2055 777 2097 τὸ
822 2054 1016 2107 ὑπερέχον
1059 2057 1342 2108 mmmmm
1381 2058 1451 2101 uxi
1484 2059 1556 2107 τὴν
1588 2059 1689 2114 παρ’

111 2127 220 2179 αὐτῷ
268 2125 442 2176 μάθησιν
490 2125 797 2179 ἀποφεύγωσιν.
869 2125 986 2169 Haec
1034 2129 1175 2169 omnia
1218 2128 1454 2172 Iamblicho
1503 2145 1602 2173 Vera
1649 2135 1691 2175 et

110 2200 222 2239 certa
263 2211 349 2239 esse
390 2197 651 2239 videbantur.
716 2196 912 2238 Habebat
954 2200 1096 2239 tamen
1139 2201 1265 2240 testes
1296 2201 1486 2242 veritatis
1518 2199 1621 2245 fidos
1648 2207 1690 2247 et

111 2270 242 2309 certos
285 2272 325 2309 et
366 2269 650 2322 incorruptos,
697 2267 767 2308 sed
800 2267 901 2322 quid
932 2267 1100 2322 prodest
1131 2268 1295 2310 homini
1327 2270 1506 2314 fanatico
1538 2287 1688 2317 verum

110 2339 283 2393 reperiri
326 2351 371 2380 ac
415 2339 512 2380 sciri
549 2335 696 2392 posse?
741 2341 981 2379 occaecatus
1024 2339 1137 2379 enim
1184 2342 1478 2395 superstitione
1525 2345 1692 2388 animus

110 2407 219 2449 nihil
262 2409 408 2450 cernit.
474 2407 591 2460 Quod
630 2409 674 2448 in
717 2407 970 2462 quibusdam
1012 2409 1106 2450 vitis
1146 2410 1370 2452 Sanctorum
1412 2412 1573 2455 factum
1606 2429 1694 2459 esse

109 2477 352 2533 perhibent,
386 2482 433 2520 ut
466 2479 708 2520 testimonia
740 2477 980 2533 aequalium
1011 2483 1083 2520 aut
1112 2479 1195 2521 alia
1220 2485 1436 2536 pervetera
1461 2484 1570 2527 nihil
1598 2499 1691 2528 con-

110 2549 271 2590 tineant
314 2549 424 2603 quod
468 2563 565 2591 cum
606 2562 704 2590 sana
735 2549 896 2591 ratione
928 2552 968 2591 et
1003 2552 1181 2592 aeternis
1212 2555 1386 2594 naturae
1417 2552 1584 2611 legibus
1616 2569 1693 2612 pu-

156 2740 187 2777 1)
211 2739 315 2770 Habet
348 2739 405 2770 hoc
436 2739 620 2781 superstitio
652 2742 687 2770 ut
720 2750 891 2781 numquam
915 2740 1001 2772 intra
1024 2744 1126 2772 certos
1150 2741 1302 2774 terminos
1325 2743 1473 2777 consistat
1497 2748 1548 2778 sed
1572 2747 1604 2779 in
1628 2749 1697 2781 infi-

110 2793 213 2824 nitum
248 2794 283 2824 ad
326 2794 387 2825 alia
423 2796 453 2825 et
491 2794 553 2825 alia
585 2805 706 2836 semper
739 2795 921 2826 absurdiora
955 2796 1185 2838 progrediatur.
1234 2798 1353 2829 Auctor
1383 2801 1429 2830 est
1458 2801 1568 2833 Suidas
1602 2803 1634 2835 in
1670 2816 1696 2837 v.

114 2851 344 2890 Ἀμμωνιοινόςε
364 2870 404 2874 —-—
423 2850 513 2889 οὗτος
535 2850 570 2888 ἦν
594 2853 810 2893 Ἀμμωνιανός
838 2852 859 2895 ᾧ
883 2854 1055 2892 κεκτῆσθαι
1078 2853 1279 2895 συμβέβηκεν
1302 2857 1438 2889 ''ONON
1465 2860 1578 2899 σοφίας
1601 2861 1691 2903 ἀκρο-

113 2909 203 2947 ατήν.
254 2912 400 2943 Videmus
424 2924 657 2953 nonnumquam
682 2913 714 2944 in
739 2913 902 2945 auditoriis
927 2914 1028 2946 asinos
1052 2925 1232 2955 germanOS,
1259 2916 1308 2947 scd
1334 2927 1395 2948 non
1421 2918 1505 2950 tales.
