1946 3298
912 151 995 194 595

165 275 215 318 ἂν
250 277 266 318 ὁ
301 279 483 328 Ξενοφῶν
515 292 582 327 μοι
615 277 724 318 δοκεῖ
753 277 1019 328 παραβαλεῖν
1050 276 1126 323 τας
1160 277 1415 327 Ἀγησιλάου
1449 279 1586 327 νίκας,
1617 276 1643 330 ᾦ
1671 279 1738 321 δια

165 344 310 389 τᾶλλα
358 347 473 389 καλοὶ
518 346 701 399 καθάπερ
743 346 866 399 γέρας
915 346 1113 398 ἐξαίρετον
1156 347 1311 389 δέδοται
1355 347 1424 390 καὶ
1467 348 1644 401 γράφειν
1679 349 1737 391 ⁰0

164 423 458 460 BOTAOITO
494 417 560 458 καὶ
597 416 736 468 λέγειν
768 418 856 469 περὶ
891 420 960 459 τοῦ
1005 416 1158 469 ἀνδρός.
1221 417 1334 460 Inest
1374 419 1488 460 haud
1532 419 1658 461 dubie
1694 420 1739 460 in

163 488 230 530 his
274 488 415 530 verbis
457 488 626 530 aculeus
668 489 713 529 in
755 488 1102 543 Xenophontem,
1151 489 1220 529 cui
1251 502 1383 543 quum
1414 489 1560 531 scribit
1592 489 1740 531 datum

165 571 252 600 esse
284 562 334 600 ut
366 559 417 600 de
449 557 651 615 Agesilao
684 569 920 607 QUODMBET
953 561 995 600 et
1027 557 1228 600 scriberet
1260 562 1302 600 et
1334 559 1599 614 loqueretur,
1637 560 1740 601 satis

168 629 352 671 ostendit
409 630 651 670 existimare
709 642 797 670 sese
842 628 1168 683 Xenophontem
1215 629 1259 669 in
1309 628 1507 671 laudibus
1552 628 1742 686 Agesilai

164 698 307 754 paullo
355 699 614 754 cupidiorem
659 700 704 740 in
747 698 842 740 aliis
889 699 1112 740 excessisse
1157 698 1359 752 modum,
1407 700 1452 740 in
1495 698 1591 740 aliis
1633 711 1739 753 quae

163 769 442 824 vituperanda
483 772 619 811 essent
651 772 725 810 aut
760 769 900 811 verbis
943 769 1125 811 elevasse
1158 772 1232 810 aut
1264 768 1431 810 silentio
1462 769 1739 824 praeteriisse.

163 838 418 881 Plutarchus
466 839 482 880 ὃ
531 839 764 890 φιλαληθης
812 838 882 880 καὶ
933 838 1194 890 μισοπόνηρος
1242 852 1500 893 quamquam
1552 839 1741 894 impense

165 909 418 966 Agesilaum
462 908 608 965 diligit
650 911 693 950 et
738 909 973 950 admiratur
1014 912 1157 950 tamen
1200 908 1331 950 libere
1374 913 1415 950 et
1445 907 1587 962 palam
1619 909 1664 949 in
1695 921 1741 949 eo

167 979 436 1035 reprehendit
468 992 574 1033 quae
607 992 724 1020 secus
755 979 865 1020 facta
897 982 970 1020 aut
1001 977 1156 1034 perfide
1188 981 1426 1033 perpetrata
1454 978 1679 1021 iudicabat.

224 1048 474 1106 Agesilaus,
508 1052 558 1090 ut
588 1049 666 1091 hoc
697 1052 816 1100 utar,
850 1050 1062 1092 iustitiam
1095 1049 1258 1092 colebat
1287 1050 1330 1090 in
1357 1049 1481 1091 rebus
1512 1049 1599 1090 suis
1629 1052 1670 1090 et
1696 1049 1741 1090 in

165 1122 258 1165 Vita
296 1121 463 1175 privata
506 1121 688 1161 omnium
729 1122 928 1162 virtutum
971 1121 1072 1162 hanc
1108 1121 1363 1177 primariam
1402 1135 1481 1161 esse
1517 1119 1739 1168 dictitans,

168 1192 241 1234 sed
271 1191 386 1233 idem
417 1192 462 1231 in
494 1204 579 1245 rep.
613 1194 655 1232 et
684 1191 729 1231 in
761 1192 897 1232 causis
930 1192 1162 1233 amicorum
1194 1192 1261 1232 ius
1293 1204 1415 1233 omne
1445 1189 1603 1233 violare
1634 1189 1741 1232 sole·

167 1263 255 1305 bat.
317 1260 431 1303 Audi
473 1259 754 1303 Plutarchum
795 1260 866 1303 23.
902 1261 972 1303 27.
1005 1262 1059 1313 τῷ
1093 1261 1202 1313 λόγῳ
1235 1265 1458 1314 πανταχοῦ
1490 1262 1562 1309 την
1595 1260 1742 1303 δικαιο-

170 1332 290 1381 σύνην
337 1331 548 1384 ἀπέφαινε
597 1331 811 1383 πρωτεύειν
858 1336 934 1374 τῶν
983 1333 1154 1384 οέρετῶν,
1201 1357 1255 1363 -
1309 1333 1347 1374 ἕν
1397 1332 1438 1374 δὲ
1485 1337 1567 1378 τοῖς
1615 1329 1742 1383 ἔργοις

170 1403 303 1446 οὐκέτι
335 1402 493 1451 ταύτην
525 1403 821 1456 διαφυλάττων
852 1404 924 1451 την
957 1401 1076 1452 δόξαν
1110 1403 1226 1445 ἄλλα
1254 1428 1310 1435 -
1337 1410 1387 1457 τῇ
1415 1402 1622 1456 φιλονικίᾳ
1647 1412 1745 1443 πολ-

172 1477 313 1527 λαχοῦ
348 1471 687 1526 συνεκφερόμενος
727 1473 795 1515 καὶ
828 1472 992 1524 μαλιςα
1025 1480 1075 1527 τῇ
1107 1475 1201 1527 πρὸς
1235 1474 1458 1526 Θηβαίους.
1520 1472 1745 1529 Agesilaus

165 1545 254 1588 levi
286 1544 338 1586 de
369 1557 494 1586 causa
523 1545 633 1586 iram
664 1545 709 1585 in
740 1543 958 1587 Thebanos
989 1546 1177 1600 concepit
1212 1544 1315 1601 (cap.
1354 1545 1395 1588 6.
1428 1545 1526 1601 41),
1560 1558 1666 1600 quae
1697 1544 1742 1584 in

165 1616 350 1658 furorem
383 1629 430 1657 ae
461 1629 591 1670 paene
622 1615 783 1657 rabiem
809 1616 961 1670 vertit,
988 1629 1069 1670 qua
1095 1615 1314 1659 Thebanos
1352 1617 1544 1658 funditus
1582 1615 1740 1657 exscin-

167 1685 263 1728 dere
305 1685 515 1742 gestiebat
555 1687 660 1740 (cap.
708 1684 777 1729 26.
819 1684 893 1741 20)
941 1686 1049 1738 θυμῷ
1088 1685 1160 1727 τινὶ
1195 1686 1263 1728 καὶ
1297 1687 1503 1741 φιλονικίᾳ
1537 1686 1627 1732 τοὺς
1662 1692 1744 1734 Θη-

168 1756 314 1807 βαίους
348 1755 553 1798 ἀπολέσαι
588 1754 725 1807 ζητῶν.
760 1755 812 1798 cf.
845 1755 917 1798 22.
954 1756 1003 1811 4,
1037 1756 1108 1798 23.
1144 1756 1212 1798 16.
1275 1757 1388 1799 Hinc
1418 1771 1500 1799 non
1532 1757 1743 1798 dubitavit

165 1827 376 1869 nefarium
403 1826 644 1869 Phoebidae
672 1827 834 1868 facinus
857 1828 902 1868 in
927 1827 1068 1868 media
1092 1841 1193 1882 pace
1221 1842 1390 1870 summa
1415 1827 1588 1883 perfidia
1604 1840 1742 1869 arcem

165 1897 396 1940 Cadmeam
443 1898 685 1952 occupantis
732 1897 906 1952 probare
953 1897 1058 1953 (cap.
1108 1896 1181 1939 23.
1234 1898 1338 1951 24.).
1382 1900 1452 1940 οὐκ
1493 1899 1641 1946 ὤκνησε
1684 1896 1739 1948 τῷ

166 1968 338 2022 Φοιβίδα
379 1968 531 2019 βοηθῶν
573 1967 712 2019 λέγειν
744 1967 980 2020 ἀναφανδὸν
1012 1966 1070 2009 ὅτι
1104 1968 1167 2010 δεῖ
1196 1969 1266 2017 την
1299 1968 1444 2021 πρᾶξιν
1476 1970 1602 2018 αὐτην
1636 1966 1672 2009 ε’ί
1700 1983 1738 2009 τι

164 2039 364 2093 χρήσιμον
398 2037 486 2091 ἔχει
521 2044 704 2081 σκοπεῖν·
733 2038 788 2080 τοὶ
818 2038 901 2090 γοὶρ
929 2037 1190 2091 συμφέροντα
1218 2046 1268 2092 τῇ
1297 2039 1576 2090 Λακεδαίμονι
1605 2042 1739 2085 καλῶς

163 2109 276 2162 ἔχειν
320 2108 680 2161 αὐτοματίζεσθαι.
745 2109 808 2151 De
850 2109 997 2151 eadem
1039 2123 1084 2151 re
1125 2111 1185 2151 sic
1228 2110 1461 2166 Xenophon
1497 2110 1656 2152 Hellen.
1688 2108 1739 2151 V.

164 2180 203 2223 2.
241 2179 310 2221 32.
344 2179 587 2221 Leontiades
612 2181 807 2236 proditor
839 2181 943 2221 areis
974 2179 1174 2236 Spartam
1207 2182 1336 2222 venit.-
1363 2178 1448 2232 εὗρε
1477 2179 1510 2221 δ’
1539 2181 1624 2222 ἐκεῖ
1647 2178 1739 2225 τοὺς

164 2251 239 2302 μὲν
273 2250 436 2304 ἐφόρους
471 2249 538 2291 καὶ
572 2254 643 2297 τῆς
678 2248 832 2297 πόλεως
865 2250 910 2291 τὸ
943 2250 1090 2297 πλῆθος
1125 2254 1325 2301 χαλεπῶς
1360 2249 1534 2303 ἔχοντας
1566 2251 1620 2303 τῷ
1654 2255 1740 2291 Φοι-

163 2321 266 2375 βίδα
298 2346 352 2353 —
384 2322 402 2362 ὁ
434 2320 570 2370 μέντοι
606 2319 860 2370 Ἀγησίλαοι,-
895 2318 1039 2370 ἔλεγεν
1071 2318 1131 2361 ὅτι
1166 2321 1199 2362 εί
1237 2321 1311 2370 μὲν
1342 2320 1542 2373 βλαβεροὶ
1568 2326 1618 2373 τῇ
1652 2326 1741 2361 Λα-

164 2392 370 2442 κεδαίμονι
412 2392 638 2444 πεπραχὼς
681 2389 766 2444 εἴη,
813 2389 964 2437 δίκαιος
1004 2389 1062 2437 εἴη
1108 2390 1372 2442 ζημιοῦσθαι,
1417 2393 1449 2434 εἶ
1493 2391 1534 2433 δὲ
1566 2390 1737 2442 οὲγαθοέ,

165 2463 339 2515 οὲρχαῖον
373 2459 474 2503 εἶναι
507 2460 672 2511 νόμιμον
705 2458 852 2509 ἐξεῖναι
886 2460 942 2501 τοὶ
976 2463 1148 2502 τοιαῦτα
1176 2461 1523 2514 αὐτοσχεδιάζειν.
1571 2461 1743 2504 Scilicet

163 2534 330 2575 iustitia
369 2532 436 2573 illi
478 2531 588 2573 nihil
628 2531 745 2573 aliud
788 2533 850 2572 est
893 2544 1021 2585 quam
1063 2531 1107 2572 τὸ
1155 2535 1224 2573 τοῦ
1269 2532 1486 2584 κρείττονος
1519 2532 1738 2585 συμφέρον.

164 2603 328 2658 Nempe
368 2602 597 2644 Plutarcho
639 2606 744 2644 teste
790 2600 857 2644 37.
906 2600 975 2642 34.
1019 2601 1334 2652 Λακεδαιμόνιοι
1376 2605 1447 2652 την
1481 2603 1636 2655 πρώτην
1669 2605 1738 2644 τοῦ

166 2677 294 2717 καλοῦ
336 2672 480 2725 μερίδα
518 2674 572 2725 τῷ
617 2678 689 2721 τῆς
733 2671 923 2723 πατρίδος
969 2671 1212 2724 συμφέροντι
1254 2672 1423 2720 διδόντες
1458 2672 1549 2715 οὔτε
1582 2672 1737 2724 μανθα-

167 2760 293 2787 νουσιν
335 2743 427 2786 οὔτε
469 2742 690 2787 ε’πίςανται
732 2742 881 2784 δίκαιον
921 2740 1026 2784 ἄλλο
1071 2744 1178 2791 πλην
1221 2741 1238 2785 ὃ
1272 2745 1343 2792 την
1375 2744 1568 2796 Σπάρτην
1601 2743 1738 2793 αὔξειν

166 2814 400 2867 νομίζουσιν.
466 2812 548 2864 Qui
587 2812 712 2855 modo
752 2812 1045 2854 iusiurandum
1078 2812 1277 2855 dederant
1310 2829 1349 2855 se
1381 2829 1515 2855 omnes
1550 2812 1742 2856 Graeciae

167 2888 343 2929 civitates
371 2886 415 2927 ἐτι
443 2884 668 2926 libertatem
700 2884 972 2925 vindicaturos
998 2883 1145 2926 statim
1171 2883 1234 2925 fas
1265 2897 1389 2926 omne
1415 2884 1672 2939 abrumpunt
1701 2889 1742 2927 et

1485 2952 1546 2983 38*
