1946 3298
945 182 1029 224 434

196 312 248 356 ab
291 312 558 356 adulatorum
600 323 730 366 grege
773 310 823 352 ad
867 307 1163 351 temulentiam
1195 305 1230 357 ¹)
1264 309 1305 348 et
1333 304 1531 348 libidines
1560 301 1771 358 impulsus

197 389 282 438 est,
326 383 527 425 remansit
558 384 700 422 tamen
731 381 837 421 mite
873 383 914 421 et
945 380 1213 419 mansuetum
1245 377 1466 432 ingenium
1499 378 1540 417 et
1570 373 1773 416 naturalis

199 453 403 508 quaedam
457 451 644 497 bonitas,
692 463 819 504 quam
860 450 967 490 vitia
1010 461 1242 502 numquam
1284 446 1475 488 funditus
1516 445 1771 487 deleverunt.

200 523 336 575 Quam
379 522 511 563 comis
555 533 601 561 ae
643 519 850 576 benignus
892 518 1020 559 fuerit
1063 531 1114 559 ex
1144 517 1384 558 Aristoxeni
1418 515 1509 557 loeo
1539 513 1776 556 luculenter

199 597 382 648 apparet.
446 591 620 632 Fatetur
651 603 693 631 se
723 591 890 631 inanem
922 589 1071 630 mortis
1103 591 1268 629 metum
1299 585 1496 628 Phintiae
1527 585 1773 632 incussisse,

198 672 245 705 ut
286 661 569 704 familiaribus
601 661 688 701 suis
719 663 890 716 gratum
922 659 1076 700 faceret
1107 657 1473 713 Pythagoreorum
1504 655 1661 696 fastum
1692 666 1776 695 non

198 733 441 775 ferentibus.
504 729 697 772 Modesto
738 730 908 771 nomine
939 741 1041 782 quos
1077 727 1231 782 reliqui
1259 725 1624 771 Διονυσιοκόλακας
1656 736 1775 766 voca-

198 804 299 844 bant
339 803 431 849 τοὺς
475 800 562 851 περὶ
597 799 719 840 αὑτὸν
753 799 1036 850 διατρίβοντας
1072 797 1269 852 appellat.
1331 796 1416 839 Ubi
1446 796 1611 838 Damon
1637 794 1776 837 eondi-

200 875 359 916 tionem
406 873 565 927 accepit
604 871 723 916 αὐτὸς
758 870 822 911 ἐπὶ
857 868 1009 914 τούτοις
1043 868 1156 913 εὐθὺς
1191 868 1456 917 ἐκπλαγῆναι
1489 865 1594 918 ἔφη,
1629 868 1670 908 et
1702 865 1777 906 ubi

201 944 278 985 sub
320 943 511 985 tenebras
553 940 747 982 Phintias
789 941 1020 981 moriturus
1065 938 1192 980 rediit
1240 938 1272 980 οἱ
1322 937 1396 987 μὲν
1438 935 1560 978 ἄλλοι
1603 934 1775 990 (inquit)

200 1012 384 1058 ἅπαντες
429 1010 725 1062 ἐξεπλάγησαν
769 1010 837 1051 καὶ
880 1009 1150 1057 ἐδουλώθησαν
1194 1008 1251 1064 ²),
1297 1007 1419 1053 αὐτὸς
1464 1007 1505 1049 δὲ
1545 1005 1778 1058 περιβαλὼν

201 1084 268 1125 καὶ
313 1084 497 1135 φιλήσας
541 1082 632 1127 τοὺς
675 1080 821 1132 ἄνδρας
865 1079 1016 1128 ἠξίωσα
1061 1083 1190 1130 τρίτον
1235 1079 1410 1128 ἐμαυτὸν
1444 1078 1498 1122 εἷς
1530 1078 1602 1124 την
1633 1076 1780 1127 Φιλίαν

202 1153 525 1206 παραδέξασθαι.
589 1151 746 1193 Lenem
779 1164 825 1192 ac
857 1151 1009 1191 mitem
1041 1149 1227 1191 indolem
1258 1154 1409 1190 natura
1439 1150 1612 1190 insitam
1644 1148 1688 1188 in
1713 1146 1781 1188 his

205 1225 426 1266 cernimus.
491 1223 591 1274 Quis
634 1235 715 1263 non
758 1223 1075 1263 commoveatur
1110 1219 1255 1276 legens
1287 1219 1398 1274 apud
1428 1217 1708 1260 Plutarchum
1737 1218 1783 1257 in

206 1296 438 1336 Timoleonte
479 1307 566 1349 cap.
606 1292 698 1333 XV.
743 1292 781 1332 ἐν
825 1290 989 1342 Κορίνθῳ
1026 1289 1136 1338 ξένου
1169 1290 1273 1334 τινὸς
1305 1287 1583 1339 ἀγροικότερον
1616 1288 1672 1333 εἷς
1704 1287 1781 1332 τὰς

204 1366 316 1416 μετα
361 1370 436 1407 τῶν
479 1363 718 1416 Φιλοσόφων
757 1361 973 1413 διατριβὰς
1009 1356 1072 1405 αἷς
1105 1363 1300 1410 τυραννῶν
1335 1358 1477 1410 ἔχαιρε
1508 1357 1781 1410 χλευάζοντος

206 1436 327 1478 αὐτὸν
360 1435 426 1476 καὶ
464 1433 578 1480 τέλος
613 1434 828 1484 ἐρωτῶντος
861 1433 902 1473 τι’
933 1431 976 1478 δη
1006 1434 1077 1478 τῆς
1109 1430 1327 1474 Πλάτωνος
1355 1429 1606 1471 ἀπολαύσειε
1631 1427 1783 1479 σοφίας

207 1506 364 1557 ,,οὐδέν,
397 1504 497 1558 ἔφη,
532 1505 588 1545 σοὶ
625 1503 814 1551 δοκοῦμεν
847 1501 923 1543 ὑπὸ
957 1494 1174 1546 Πλάτωνος
1209 1501 1445 1550 ὠφελῆσθαι
1476 1500 1611 1551 τύχης
1651 1513 1783 1548 μετα-

207 1577 333 1628 βολην
376 1574 474 1618 οὕτω
520 1574 707 1627 φέροντες
723 1572 758 1628 ;''
797 1572 915 1615 Idem
958 1571 1064 1613 salse
1100 1569 1398 1612 nonnullorum
1431 1569 1710 1625 petulantiam
1744 1572 1786 1611 et

206 1648 574 1702 importunitatem
614 1644 885 1686 retundebat:
933 1642 1017 1684 ἐπεὶ
1064 1642 1104 1683 δὲ
1137 1645 1212 1683 τῶν
1245 1639 1498 1690 βουλομένων
1532 1656 1592 1687 τις
1626 1640 1784 1691 εὐφυῶν

209 1716 308 1760 εἶναι
354 1717 546 1758 σκώπτων
590 1716 656 1757 τὸν
690 1713 892 1756 Διονύσιον
924 1711 1071 1762 ἐξέσειε
1103 1712 1149 1753 τὸ
1182 1711 1344 1761 ἱμάτιον
1377 1711 1503 1752 εἰσιὼν
1535 1711 1630 1762 πρὸς
1665 1710 1787 1752 αὐτὸν

207 1791 256 1835 ὡς
292 1788 336 1837 δη
371 1787 464 1839 πρὸς
497 1787 683 1837 τύραννον
717 1785 1005 1826 ἀντισκώπτων
1039 1784 1181 1829 ἐκεῖνος
1210 1782 1370 1823 ἐκέλευε
1397 1784 1513 1823 τοῦτο
1541 1784 1666 1822 ποιεῖν
1689 1777 1788 1821 ὅταν

210 1858 294 1912 ἐξίη
327 1860 422 1910 παρ’
455 1859 580 1900 αὐτοῦ
614 1857 671 1907 μή
705 1871 744 1897 τι
777 1859 852 1897 τῶν
887 1852 990 1895 ἔνδον
1023 1852 1127 1905 ἔχων
1155 1851 1326 1904 ἀπέλθῃ.
1357 1851 1645 1908 (Plut.ibid.).
1694 1850 1789 1893 Non

210 1934 298 1972 erat
328 1931 463 1986 igitur
493 1933 644 1970 natura
678 1931 751 1969 aut
781 1925 920 1968 malus
951 1928 1025 1967 aut
1058 1923 1234 1970 stultus,
1267 1922 1339 1965 sed

561 1998 785 2052 φθείρουσιν
818 1997 886 2045 ἤθη
921 1995 1062 2049 χρήσθ’
1097 1994 1252 2044 ὁμιλίαι
1287 1992 1429 2035 κακαί.

208 2085 342 2126 neque
387 2083 594 2125 umquam
640 2068 886 2124 perditiores
933 2070 974 2108 et
1023 2067 1242 2120 nequiores
1290 2066 1563 2106 assentatores
1619 2064 1791 2105 fuerunt

210 2156 336 2197 quam
377 2142 409 2183 οἱ
452 2141 539 2192 περὶ
586 2139 788 2181 Διονύσιον
821 2136 1108 2187 διατρίβοντες.
1173 2134 1275 2176 Erat
1306 2137 1450 2176 aut-em
1481 2133 1713 2190 Dionysius
1743 2135 1789 2175 in

211 2214 326 2255 omni
366 2226 410 2254 re
451 2211 573 2266 plane
616 2208 836 2251 dissimilis
878 2208 1009 2263 patri,
1050 2206 1100 2248 de
1134 2219 1214 2260 quo
1250 2222 1300 2254 „a
1341 2205 1449 2246 bonis
1481 2205 1702 2246 auctoribus
1732 2205 1790 2247 sic

211 2287 395 2337 seriptum
437 2281 650 2335 accepimus
693 2278 853 2334 (Cicero
897 2278 1008 2319 Tuae.
1062 2277 1235 2329 Quaestt.
1281 2275 1330 2317 V.
1375 2274 1443 2316 20.
1484 2289 1535 2317 ex
1565 2274 1789 2326 Philisto):

212 2368 393 2394 summam
423 2353 562 2407 fuisse
603 2351 687 2391 eius
726 2350 768 2390 in
811 2352 914 2389 victu
957 2347 1272 2401 temperantiam,
1313 2349 1356 2387 in
1387 2347 1574 2401 rebusque
1599 2345 1791 2398 yerundis

215 2438 339 2464 acrem
387 2427 422 2463 et
468 2421 708 2462 Χιίοίίαοιίνοίιιιι
756 2420 913 2460 eamdem
957 2426 1083 2459 tamen
1128 2418 1344 2471 maleficum
1387 2421 1423 2457 et
1454 2415 1681 2457 iniustmn.'’
1741 2414 1791 2457 In

215 2493 301 2535 filio
345 2497 485 2534 autem
528 2504 697 2533 summa
738 2490 1086 2544 intemperantia,
1119 2489 1290 2531 vinosus
1323 2491 1410 2529 erat
1443 2491 1485 2529 et
1514 2486 1789 2539 libidinosus,

266 2700 298 2741 1)
323 2699 408 2731 Plut.
441 2698 473 2728 in
508 2697 608 2728 1222»ae
631 2707 694 2738 cap.
723 2697 816 2727 VIII.
844 2694 959 2735 ἡμέρας
986 2692 1168 2732 ἐνενήκοντα
1195 2697 1338 2734 συνεχῶς
1363 2690 1475 2724 ’ἐπινεν-
1522 2692 1699 2723 Athenaeus
1722 2702 1791 2734 pag·

220 2761 282 2793 435
297 2762 326 2791 (l.
367 2755 573 2797 Ἀριςοτέλης
608 2753 638 2786 ἓν
671 2758 713 2795 τῇ
747 2757 938 2796 Συρακοσίων
973 2755 1122 2796 πολιτείᾳ
1156 2757 1299 2794 συνεχῶς
1333 2752 1430 2792 φησὶν
1461 2750 1558 2783 αὐτὸν
1594 2752 1794 2793 (Dionysium

222 2817 386 2858 iuniorem)
411 2812 475 2847 ’ἐσθ’
503 2814 558 2847 ’ὅτε
584 2812 635 2846 ἐπὶ
661 2813 776 2854 ἡμέρας
803 2812 984 2852 ἐνενήκοντα
1009 2812 1139 2854 μεθύειν.

267 2880 302 2919 2)
339 2875 525 2913 δουλωθῆναι
560 2875 675 2907 dicitur
709 2874 746 2905 de
782 2885 832 2912 eo,
869 2885 961 2916 quem
992 2874 1094 2917 turpis
1126 2872 1272 2905 facinoris
1303 2884 1321 2905 a
1351 2883 1382 2904 se
1404 2871 1560 2904 commissi
1583 2871 1627 2903 ita
1652 2870 1737 2913 piget
1761 2879 1795 2901 ac

220 2934 375 2977 poenitet,
401 2934 436 2964 ut-
460 2930 517 2963 sibi
541 2941 599 2963 non
624 2931 724 2967 homo,
751 2930 805 2960 sed
824 2929 1007 2970 mancipium
1031 2929 1174 2960 videatur
1197 2937 1270 2959 esse.
