1946 3298
212 275 235 330 g
274 273 343 317 58.

274 344 344 387 59.

274 414 343 457 60.

275 484 344 528 63.

274 626 344 669 64.

276 696 346 739 65.

273 766 343 810 66.

276 979 344 1021 67.

276 1121 346 1163 68.

277 1262 346 1305 69.

276 1403 346 1447 7Ο.

275 1474 344 1518 72.

276 1545 344 1589 74.

275 1616 344 1660 75.

276 1687 344 1732 79.

275 1759 345 1801 82.

274 1899 345 1943 83.

275 1971 346 2014 84.

275 2041 346 2085 86.

275 2183 345 2228 87.

276 2254 346 2297 88.

275 2395 346 2438 90.

275 2537 344 2580 91.

275 2677 345 2720 92.

273 2818 344 2862 94.

271 2889 340 2932 95.

952 145 1038 191 478

375 274 532 316 οὐκενοῦ
564 271 692 324 μόνον.
729 295 787 305 -
820 273 874 319 εἷς
908 271 1036 317 ταυτὸ
1070 271 1335 326 ἁθροίζεσθαι.

378 345 443 387 διοὶ
476 343 637 386 πάντων
672 342 900 386 διαθέουσα.
930 369 989 375 —
1021 344 1129 392 καλη
1162 344 1236 394 μὲν
1269 341 1332 385 οὖν
1365 342 1432 385 καὶ
1468 340 1586 392 αὕτη.

376 415 505 457 οὐκέτ’
540 413 677 456 ἔκτοτε
711 413 838 467 ὤφθη.

377 485 542 538 μοέλιςα
573 485 717 532 ἐκεῖνος
748 483 920 536 ἐξύμνει.
955 509 1011 516 —-
1032 484 1193 538 ἀργύρῳ
1225 483 1269 527 εὖ
1302 483 1470 533 ἤσκηντο
1497 509 1544 516 -
1563 484 1628 526 ἐπὶ
1661 485 1785 535 γαίης

380 581 434 588 —-
467 556 672 607 εὐμελίην.

377 626 699 679 προσφερομένην
731 624 982 677 ἐπιμέλειαν.
1009 627 1011 629 ’

379 701 455 739 τῶν
489 698 703 748 ὁμιλητῶν.
736 722 789 728 -
824 695 910 738 οέπό
943 713 986 739 τε
1017 701 1090 745 τῆς
1125 696 1237 744 εὐνῆς
1271 720 1326 728 -
1361 694 1478 746 μόνος
1511 694 1648 743 αὐτός.

377 768 506 821 ἑαυτῷ
547 768 622 820 μὲν
666 767 748 820 γαρ
790 767 905 821 μόνῳ.
941 792 999 799 -—-
1032 767 1080 814 ὡς
1116 765 1164 808 ἂν
1196 764 1317 812 οὕτως
1350 766 1553 820 ἐπιτυχῶς
1586 765 1681 819 πρὸς
1714 768 1782 808 τοῦ

377 838 602 891 Φύσαντος.
649 864 702 870 --
749 842 825 880 τῶν
873 837 1033 890 πρώτων
1081 837 1149 879 καὶ
1193 837 1404 889 εἶλικρινῶν
1448 836 1692 891 ἀρχετύπων
1733 839 1784 883 ὡς

378 909 549 957 άληθῶς.

380 980 512 1032 ἐνορᾶν
544 980 598 1032 τῷ
633 979 742 1032 ἡλίῳ.
773 1004 826 1010 —-
857 979 924 1021 καὶ
960 978 1247 1027 διατετηκυίας
1281 979 1442 1028 πίσσης.
1471 1004 1527 1012 —
1552 978 1784 1032 θεοδωρητου

377 1051 463 1103 περὶ
496 1051 618 1092 αὐτὸν
652 1050 746 1102 ὑπὲρ
779 1051 869 1097 τοὺς
904 1048 1072 1096 ἄλλους.

380 1120 684 1166 ποικιλωτάτας
719 1137 765 1162 τε
798 1121 1001 1166 κολάσεις.
1035 1145 1088 1151 —
1117 1119 1257 1173 σιδήρῳ
1291 1122 1384 1162 κατ’
1418 1121 1545 1170 αὐτην
1577 1130 1789 1163 συντελου-

378 1191 516 1242 μένας.
554 1215 610 1222 --
641 1196 734 1237 ταῖς
772 1191 982 1242 ε’πεγρίαις
1015 1193 1084 1232 τοῦ
1119 1194 1334 1241 λογισμοῦ.

381 1262 569 1304 ἀνοινίαν.
613 1285 667 1291 -
703 1260 798 1303 αἶδὼ
834 1286 887 1292 -
923 1260 1124 1312 ὂμίληκας
1159 1286 1212 1291 -
1248 1259 1587 1314 ἐγκεκριμμένων.
1630 1287 1683 1292 -
1718 1261 1785 1303 καὶ

377 1338 449 1381 τῆς
483 1333 538 1379 εἷς
571 1331 727 1380 ταύτην
759 1331 933 1381 διαίτης.

381 1401 658 1455 οένεζωοπύρει.

379 1476 410 1516 εἶ
441 1474 516 1524 μὲν
552 1472 653 1522 ἄξιοι
687 1472 913 1526 ἐφαίνοντο.
947 1496 1005 1504 -
1037 1477 1271 1524 μετασχεῖν
1305 1472 1536 1524 δογμάτων.

379 1546 491 1596 μετα
524 1546 595 1593 την
627 1550 832 1593 πενταετῆ
868 1543 1035 1592 σιωπήν.
1074 1569 1127 1574 -
1163 1544 1381 1596 ηὑρίσκετο.

378 1616 632 1666 μεταδιδόντι
667 1620 742 1657 τῶν
778 1615 924 1665 λόγων.

378 1689 426 1735 ὡς
461 1686 617 1728 τὸ·δεῖν
654 1686 743 1741 (pro
776 1685 904 1742 ᾤετο).

379 1757 520 1800 πάντα
555 1757 594 1798 δὲ
628 1756 682 1798 τοὶ
717 1754 837 1802 οὕτως
872 1754 1134 1804 ἀκούσματα.
1174 1782 1227 1786 -
1264 1755 1369 1806 η’λιος
1405 1755 1472 1797 καὶ
1508 1755 1654 1804 σελήνη
1683 1779 1736 1786 -
1762 1752 1788 1796 ὦ

380 1829 453 1871 θεοὶ
487 1827 603 1870 πόθεν
636 1826 716 1870 ἐςέ.
755 1851 808 1858 —-
842 1825 906 1868 ὧδ’
941 1826 1140 1877 ἐγένεσθε.

379 1899 555 1951 πρότεροι
587 1897 668 1949 γαρ
708 1895 824 1939 οὗτοι.

380 1971 508 2012 οἰωνοῦ
539 1967 683 2010 ἕνεκεν.

381 2042 444 2083 ἐπ’
489 2039 594 2081 ἔνι’ων
636 2038 710 2089 μὲν
755 2037 997 2089 ε’πιλέγεται
1042 2038 1084 2080 τί
1126 2038 1187 2080 δεῖ
1217 2063 1270 2069 —-
1306 2032 1385 2080 ταῦ
1429 2037 1488 2079 ἐςὶ
1522 2043 1594 2086 τῆς
1629 2041 1793 2091 φιλοσο-

379 2112 496 2165 φίας.

379 2182 530 2228 τούτοις
565 2180 714 2223 διδόασι
751 2180 939 2232 τοὲγαθοέ.

380 2255 517 2299 αὐτοῖς
560 2250 692 2297 ἕκαςα
735 2251 948 2305 πρακτέον.
985 2278 1037 2283 -
1073 2252 1187 2294 αὐτοὶ
1230 2253 1303 2304 μὲν
1340 2250 1404 2295 οὖν
1436 2249 1537 2293 εἷναι
1572 2277 1625 2283 —-
1658 2252 1708 2299 ὡς
1743 2248 1786 2299 ἦν

379 2325 452 2375 μὲν
475 2327 563 2365 τῶν.

379 2400 450 2443 τῆς
495 2396 742 2441 πενταετοῦς
783 2399 934 2443 σιωπῆς
969 2393 1037 2436 καὶ
1073 2399 1145 2442 τῆς
1179 2394 1218 2435 ἐν
1250 2393 1304 2446 τῷ
1337 2392 1524 2447 τοσούτῳ.
1560 2417 1616 2425 -·
1648 2393 1787 2444 ἐπιτη-

381 2466 478 2507 δειον
509 2464 816 2517 ἀπειργάσατο.

379 2536 464 2578 ἰδὼν
507 2535 575 2576 καὶ
609 2534 773 2585 μαλιςα
807 2534 979 2582 εἰκάσας
1012 2561 1065 2567 —
1101 2535 1156 2577 τοὶ
1189 2533 1340 2586 ἄβατα
1374 2533 1588 2586 διέβαινεν.
1624 2559 1678 2566 -
1717 2536 1784 2577 καὶ

380 2606 617 2658 προσλαλὼν
650 2605 742 2661 (sic)
778 2608 828 2653 ὡς
862 2605 1002 2657 λόγος.

380 2675 591 2728 γενόμενον
623 2675 729 2727 αὐτῇ
761 2675 980 2727 καθαρμόν.
1011 2701 1063 2707 —
1084 2677 1182 2718 ἀλλ’
1215 2677 1264 2723 ὡς
1300 2676 1349 2718 ἂν
1383 2674 1500 2722 ὅντως
1530 2700 1583 2706 -
1613 2675 1667 2717 τοὶ
1698 2676 1785 2718 καθ’

379 2746 513 2790 ἕκαςα
544 2769 598 2775 -
632 2744 832 2795 βεβαιοῦν
863 2747 907 2787 τὸ
941 2746 1083 2797 δόγμα
1115 2747 1160 2789 τὸ
1193 2746 1327 2798 λέγον.

378 2816 615 2869 ἀκρατήτως
650 2815 884 2864 ἐπτόηνται.
914 2842 970 2848 —
999 2817 1019 2866 ἢ
1048 2822 1131 2864 πῶς
1167 2818 1259 2870 πρὸς
1293 2817 1454 2871 φιλίαν.
1489 2817 1521 2858 εἰ
1555 2816 1595 2858 δὲ
1630 2816 1785 2860 πάντα.

377 2886 622 2931 ἐπεσκόπουν
660 2884 750 2942 (sio)
786 2886 854 2928 καὶ
890 2886 983 2939 πρὸς
1022 2890 1176 2930 ταῦτα.
