1946 3298
881 190 967 237 355

197 319 466 377 Thucydides
488 321 528 361 et
553 318 676 362 Plato
703 318 823 372 σφεῖς
855 317 930 370 μέν
960 319 1006 361 in
1036 318 1112 362 tali
1143 319 1442 377 compositione
1472 333 1623 376 ponere
1648 333 1712 366 so-

137 391 249 447 lent,
284 392 436 434 caeteri
467 390 580 432 αὐτοὶ
614 388 703 440 μέν.

195 530 243 572 In
273 533 296 585 ἓ
329 529 400 572 88.
437 528 673 586 (Hippasus)
709 529 774 571 δια
807 530 852 572 τὸ
886 529 1109 580 ἐξενεγκεῖν
1143 529 1210 572 καὶ
1246 529 1489 583 γράψασθαι
1518 535 1708 583 πρῶτΟΝ

136 605 317 654 σφαῖραν
351 602 421 649 την
454 601 498 642 ἐκ
532 605 608 642 τῶν
640 598 791 641 δώδεκα
825 600 1090 650 πενταγώνων
1122 600 1311 642 ἀπώλετο
1344 601 1457 642 κατά
1495 599 1710 644 θάλατταν

135 674 184 718 ὡς
219 673 446 722 άσεβησας.
495 671 540 712 F.
577 671 702 712 habet
735 672 928 720 πρώτΩΟ
960 675 1159 722 σφαῖραν,
1195 673 1239 713 in
1266 685 1347 726 quo
1374 671 1477 713 latet
1504 676 1707 723 πρῶτος,

135 742 245 797 quod
275 743 553 784 necessarium
587 745 649 782 est
681 755 731 782 ex
759 740 942 784 Graecae
970 743 1282 797 compositionis
1308 743 1491 792 ratione,
1521 740 1709 784 ἀπώλετο

133 812 200 854 διά
243 813 287 853 τὸ
334 817 482 863 πρῶτος
526 812 793 865 γράψασθαι,
837 814 919 853 nisi
961 813 1072 868 quod
1103 813 1222 856 verbi
1252 813 1470 866 γράφομαι
1502 827 1603 855 usus
1634 826 1708 869 pro

134 882 282 935 γράφω
315 882 509 925 insolitus
542 886 618 924 est.

195 953 415 1009 Sequitur:
457 952 576 1002 δόξαν
616 953 650 994 δ’
694 951 846 1002 ἔλαβεν
888 954 938 998 ὡς
983 950 1122 1003 εὑρών·
1167 951 1267 995 εἶναι
1311 953 1350 995 δὲ
1388 953 1528 996 πάντα
1561 954 1708 997 ἐκείνου

134 1027 203 1067 τοῦ
244 1023 395 1075 άνδρός.
458 1023 612 1066 Kiessl.
657 1024 799 1073 „verba
841 1025 910 1064 τοῦ
953 1023 1088 1074 ἀνδρὸς
1128 1039 1205 1065 non
1235 1025 1321 1066 sine
1350 1025 1505 1067 ratione
1535 1026 1709 1080 Scaliqer

130 1095 275 1137 delet.”
330 1094 500 1137 Nollem
532 1094 705 1135 factum.
741 1093 791 1134 cf.
827 1095 849 1148 ξ
883 1092 984 1135 255.
1018 1094 1092 1135 ubi
1123 1098 1263 1136 narrat
1298 1095 1436 1138 οὐδένα
1467 1100 1543 1138 τῶν
1576 1097 1709 1138 Πυθα-

130 1167 290 1219 γορείων
333 1164 538 1217 ὀνομάζειν
581 1164 848 1218 Πυθαγόραν,
891 1164 1006 1205 άλλά
1051 1163 1181 1215 ζῶντα
1223 1166 1297 1215 μὲν
1339 1165 1460 1208 ὁπότε
1496 1166 1705 1218 βούλοιντο

130 1239 305 1286 δηλῶσαι
350 1241 491 1279 καλεῖν
526 1234 647 1278 αὐτὸν
690 1236 853 1287 θεῖον,
889 1234 975 1277 ἐπεὶ
1011 1234 1046 1278 δ’
1078 1235 1341 1287 ἐτελεύτησεν
1380 1238 1587 1282 ἐκεῖνον
1618 1239 1706 1282 τὸν

130 1307 306 1362 ἄνδρα.

189 1449 238 1490 In
280 1451 302 1504 ξ
344 1448 415 1490 89.
459 1448 646 1497 λέγουσιν
667 1472 719 1478 --
741 1448 973 1497 ἀποβαλεῖν
1017 1449 1106 1490 τινα
1140 1449 1211 1496 την
1243 1448 1380 1491 οὐσίαν
1412 1455 1488 1492 τῶν
1521 1452 1706 1502 Πυθαγο-

131 1520 256 1572 ρείων·
303 1519 349 1566 ὡς
395 1519 434 1561 δὲ
481 1523 597 1559 τοῦτο
632 1518 816 1570 ἠτύχησε
849 1518 1002 1566 δοθῆναι
1038 1519 1222 1572 άνθρώπῳ
1254 1520 1593 1572 χρηματίσασθαι
1623 1523 1708 1565 άπὸ

130 1591 395 1642 γεωμετρίας.
446 1589 552 1631 Vera
584 1588 709 1631 lectio
743 1592 805 1630 est
835 1590 879 1630 in
907 1590 952 1631 F.
982 1590 1135 1638 δοθῆναι
1169 1591 1308 1644 αὐτῷ
1340 1592 1705 1644 χρηματίσασθαι,

128 1665 177 1704 ut
209 1661 494 1717 unusquisque
525 1661 570 1701 in
602 1658 680 1701 tali
710 1673 754 1701 re
787 1659 921 1702 dicere
954 1659 1073 1703 solet.

189 1801 237 1843 In
270 1803 292 1856 ξ
326 1800 396 1842 89.
439 1800 626 1841 ἐκαλεῖτο
660 1798 700 1841 δὲ
734 1800 755 1847 ἦ
790 1800 1023 1851 γεωμετρία
1057 1801 1152 1852 πρὸς
1185 1801 1420 1853 Πυθαγόρου
1453 1806 1705 1848 ἹΟΤΟΡΙΑ.

129 1872 175 1915 Si
217 1873 294 1913 hoc
326 1871 484 1912 tenebis
516 1870 732 1927 intelliges
762 1871 889 1912 verba
919 1870 1127 1913 Heracliti
1160 1873 1269 1927 apud
1300 1872 1535 1930 Diogenem
1566 1875 1706 1918 Laert.

129 1943 245 1985 VIII.
281 1941 318 1982 6.
354 1941 615 1990 Ἡράκλειτος
651 1941 667 1982 o‘
701 1942 870 1989 φυσικὸς
904 1944 1107 1993 κέκραγε·
1147 1943 1415 1994 ,,Πυθαγο’ρης
1453 1945 1707 1998 Μνησάρχου

129 2016 407 2055 ‘ICTOPIHN
452 2012 600 2059 ἤσκησε
644 2012 852 2061 άνθρώπων
893 2011 1057 2062 μάλιςα
1089 2013 1291 2054 πάντων.”
1324 2014 1433 2069 quod
1463 2029 1545 2057 non
1578 2018 1707 2073 signi-

127 2083 223 2125 ficat
281 2083 391 2138 quod
448 2081 501 2124 Is.
549 2080 793 2124 Casaubono
842 2082 1088 2136 (admodum
1137 2083 1405 2140 adolescenti)
1456 2086 1702 2129 videbatur:

130 2155 324 2205 „omnium
367 2153 559 2193 hominum
603 2152 766 2193 maxime
794 2153 890 2208 suit
928 2153 1192 2208 polybisbor‚''
1224 2168 1304 2209 quo
1335 2155 1443 2197 nihil
1475 2160 1536 2198 est
1568 2171 1592 2198 a
1622 2157 1707 2214 Py-

130 2225 327 2281 thagorae
358 2225 526 2279 ingenio
560 2226 601 2265 et
632 2226 782 2264 natura
815 2223 1014 2278 alienius,
1048 2224 1119 2265 sed
1148 2240 1277 2275 „unus
1302 2226 1470 2267 omnium
1489 2227 1707 2281 plurimum

128 2310 265 2349 operae
305 2295 561 2350 geometriae
603 2293 750 2334 dedit?
792 2294 901 2348 quod
943 2295 1135 2336 omnium
1178 2308 1378 2337 consensu
1420 2295 1702 2341 confirmatur.

126 2364 386 2407 lamblichus
428 2365 450 2418 ξ
494 2362 593 2404 158.
634 2363 798 2414 λέγουσι
832 2364 871 2405 δὲ
906 2364 1160 2417 γεωμετρίας
1194 2365 1317 2406 αὐτὸν
1350 2366 1415 2408 ἐπὶ
1449 2373 1587 2409 πλεῖον
1621 2369 1706 2411 ε’πι-

128 2435 363 2486 μεληθῆναι.

186 2576 287 2617 Post
329 2588 461 2630 pauca
501 2574 711 2630 legimus:
757 2573 825 2615 καὶ
869 2574 960 2621 τοὺς
1006 2576 1278 2626 νομοθετικοὺς
1316 2576 1536 2621 '‘ONTAc
1566 2582 1705 2630 αὐτοῖς

129 2646 382 2689 ὑποτίθεσθαι
413 2645 509 2697 χρη.
566 2643 735 2699 Optime
768 2645 815 2687 F.
850 2646 1121 2696 νομοθετικοὺς
1153 2647 1239 2688 ἘΝ
1272 2654 1407 2690 TOIC
1439 2651 1576 2699 αὐτοῖς
1612 2652 1705 2695 ὑπο-

128 2717 303 2759 τίθεσθαι
337 2715 432 2767 χρή.

188 2856 235 2897 In
265 2858 287 2910 ξ
321 2855 391 2898 90.
425 2856 521 2897 αλλ’
555 2854 643 2896 άντὶ
677 2859 747 2903 τῆς
782 2860 948 2903 σιωπῆς.
976 2856 1022 2898 F.
1050 2857 1140 2898 άντὶ
1169 2862 1242 2906 τῆς
1275 2863 1586 2907 πενταετοῦς
1618 2877 1706 2904 σιω-

133 2931 234 2980 πῆς,
268 2929 309 2967 et
341 2940 440 2968 mox
473 2925 691 2974 ἐπιτήδειον
725 2925 1085 2978 άπειργάσατο
1116 2942 1190 2983 pro
1221 2929 1398 2972 absurdo
1431 2931 1674 2983 άκροάσατο.
