1946 3298
913 174 997 223 115

223 300 329 360 Pag.
373 299 474 343 622.
521 300 590 343 10.
634 300 706 343 κοιί
748 317 815 352 μοι
855 301 966 345 δοκεῖ
1003 299 1503 357 (Iulianus)—v010252-01;
1547 303 1597 347 ἂν
1637 305 1732 357 πρὸς

165 373 274 423 ἡμᾶς
315 371 546 424 χρήσασθαι
585 371 744 422 λόγοις·
778 378 876 414 ΟΤΙ
909 373 980 421 τὴν
1014 372 1112 422 ἐμὴν
1147 373 1260 422 ὑμεῖς
1293 372 1510 424 ὀδυρόμενοι
1545 377 1729 427 πληγὴν,

164 443 196 485 εἶ
236 443 310 493 μὲν
351 442 396 484 τὸ
439 447 611 484 συνεῖναι
655 443 753 489 θεοῖς
795 449 928 495 χεῖρον
968 444 1169 494 ἦγεῖσθΑΙ
1203 446 1272 485 τοῦ
1305 448 1388 490 τοῖς
1420 445 1631 497 ἀνθρώποις
1664 447 1734 487 οὐκ

163 512 207 557 εὖ
239 518 445 567 φρονεῖτε·
477 513 510 555 εἶ
544 513 584 554 δὲ
615 515 686 555 οὐκ
718 512 841 556 οἴεσθέ
874 530 940 565 μοι
974 513 1130 562 ταύτης
1161 514 1454 564 μεταδεδόσθοιι
1485 521 1556 564 τῆς
1594 515 1732 568 χώροις

163 584 313 628 πάντ’
346 586 397 627 οὐ
430 584 585 634 μόνον
618 585 818 635 οὶγνοεῖτε.
874 585 976 642 Leg.
1012 591 1068 627 OI
1101 598 1176 640 pro
1205 591 1321 627 OTI:
1353 591 1387 626 O
1416 601 1481 627 vos
1506 586 1574 641 qui
1604 602 1734 628 casum

163 671 284 698 meum
325 655 485 710 defletis.
551 654 734 706 Deinde,
777 658 827 698 ut
861 655 963 698 alibi
995 655 1276 710 ostendimus,
1308 670 1382 711 pro
1415 657 1601 708 ἡγεῖσθαι
1636 659 1732 700 scri·

162 726 347 770 bendum
377 725 556 777 ἧγεῖσθθ
587 730 628 768 et
670 728 771 769 πᾶν
811 727 1008 778 τούμὸν
1050 727 1237 778 ἀγνοεῖτε
1268 740 1342 783 pro
1373 726 1498 770 πάντ’
1530 729 1572 771 οὐ
1603 727 1734 780 μόνον.

222 866 424 908 Libanius
449 864 481 908 I.
512 864 611 908 624.
644 865 683 908 9.
712 865 910 909 laudibus
939 866 1142 909 extollens
1168 866 1323 909 Iuliani
1351 869 1505 924 scripta
1530 870 1590 912 ita
1612 870 1735 913 dicit:

164 939 181 981 ὅ
216 937 257 980 δὲ
288 936 509 993 (Iulianus)
545 941 732 986 πολεμῶν
766 954 810 979 τε
847 938 945 988 ὁμοῦ
979 940 1047 980 καὶ
1077 937 1274 980 πλάττων
1300 938 1445 989 λόγους
1475 939 1616 988 ποέσοις
1645 957 1737 993 μορ-

162 1008 250 1062 φοὶς
292 1007 594 1050 καταλέλοιπεν
637 1007 824 1055 οὶποέσοιις
866 1008 940 1059 μὲν
973 1007 1166 1056 ἅπαντας
1201 1014 1337 1065 νικῶν,
1369 1011 1425 1052 τοὶ
1458 1011 1493 1052 δ’
1529 1013 1653 1055 αὑτοῦ
1685 1019 1735 1066 τῇ

162 1085 237 1123 τῶν
280 1080 489 1123 ε’πιςολῶν.
553 1079 649 1122 Non
690 1083 752 1121 est
793 1080 954 1121 mirum
985 1079 1162 1122 Libanio
1195 1080 1392 1135 epistolas
1423 1082 1579 1125 Iuliani
1609 1085 1737 1139 potis-

163 1153 321 1194 simum
354 1149 535 1205 placere,
572 1163 669 1192 nam
703 1149 816 1192 fama
848 1154 935 1192 erat
966 1155 1232 1193 venustatem
1267 1156 1308 1193 et
1339 1151 1547 1207 leporem,
1583 1156 1655 1210 qui
1691 1157 1735 1197 in

161 1221 362 1278 Epistolis
387 1220 542 1262 Iuliani
564 1224 824 1275 cerneretur,
855 1235 905 1263 ex
932 1221 1100 1264 Libanii
1127 1223 1364 1264 imitatione
1391 1222 1573 1267 fluxisse.
1621 1225 1736 1267 Audi

161 1295 301 1348 ipsum
331 1291 364 1334 I.
401 1290 500 1333 422.
539 1290 605 1333 14.
642 1292 689 1334 ad
725 1291 940 1334 Iulianum
975 1293 1036 1334 ita
1069 1293 1301 1334 dicentem:
1330 1294 1398 1334 mc}
1428 1294 1510 1345 γὰρ
1540 1294 1735 1346 πράττον-

163 1379 240 1411 τοις
285 1359 337 1410 οἷς
383 1361 576 1415 προὲττεις
620 1361 688 1404 καὶ
732 1362 932 1413 λέγοντοις
975 1359 1029 1409 οἷς
1074 1362 1211 1414 λέγεις
1245 1363 1476 1416 ἐκάλυψας.
1511 1361 1551 1412 ὅς
1583 1381 1634 1416 γε
1666 1366 1734 1408 mc)

163 1435 235 1484 τὴν
276 1434 466 1477 δοκοῦσαν
509 1431 610 1485 ὥραν
642 1438 718 1476 τῶν
749 1435 853 1484 ἐμῶν
886 1434 1080 1478 ε’πιςολῶν
1114 1436 1415 1486 παρελήλυθας.
1478 1435 1614 1488 Quam
1646 1452 1737 1479 mu-

163 1508 306 1549 tantur
346 1505 473 1562 longa
516 1505 582 1547 die
623 1505 668 1546 in
698 1504 776 1546 hoc
808 1518 959 1561 genere
990 1505 1213 1546 hominum
1245 1504 1425 1548 iudicia!
1491 1506 1593 1559 Quis
1627 1522 1738 1551 nunc

162 1577 330 1620 Libanii
376 1575 572 1632 epistolas
613 1576 679 1631 (ut
718 1574 869 1617 leniter
910 1575 1065 1627 dicam)
1106 1576 1288 1618 iucunde
1320 1580 1361 1619 et
1391 1576 1571 1620 libenter
1601 1577 1737 1636 legit?

163 1647 266 1700 Quis
311 1647 435 1690 hodie
482 1661 532 1690 ex
578 1645 734 1689 Iuliani
781 1645 970 1701 epistolis
1011 1645 1197 1702 aliquam
1240 1649 1379 1691 animo
1411 1648 1735 1692 oblectationem

162 1716 298 1775 capit?
362 1717 509 1760 Omnis
543 1719 656 1761 enim
698 1720 872 1760 naturae
902 1718 1058 1760 veritas
1090 1721 1132 1760 et
1163 1718 1414 1774 simplicitas
1449 1724 1490 1763 et
1523 1722 1734 1775 αὐτοφυὴς

161 1803 243 1832 non
275 1792 363 1831 arte
394 1791 582 1844 quaesita
613 1792 810 1831 venustas
843 1786 958 1844 (ἄρα)
989 1790 1034 1830 in
1065 1789 1118 1831 iis
1151 1789 1420 1833 desideratur.
1486 1790 1595 1835 Sunt
1626 1793 1736 1835 mihi

158 1861 260 1903 haec
307 1861 503 1902 scribenti
549 1859 706 1902 Iuliani
751 1859 950 1916 epistolae
998 1860 1050 1902 ad
1091 1874 1265 1903 manum
1308 1865 1349 1904 et
1397 1862 1482 1905 ὁδοῦ
1534 1863 1735 1916 πάρεργον

157 1945 288 1974 unum
325 1945 376 1973 ex
408 1931 475 1973 his
506 1930 648 1974 locum
679 1945 790 1973 nunc
823 1945 947 1973 sensu
977 1944 1161 1974 vacuum
1189 1934 1408 1976 restituere
1435 1935 1569 1977 iuvat.
1611 1934 1738 1993 Legi-

157 2006 228 2046 tur
268 2002 394 2057 Epist.
438 2001 620 2044 XXVII.
662 2016 759 2060 pag.
796 2001 895 2044 400.
917 2014 952 2046 c.
987 2002 1101 2050 ἐκτὸς
1136 2002 1269 2046 ποέτου
1301 2004 1384 2057 γὰρ
1416 2002 1517 2048 εἷνοιι
1549 2006 1630 2059 χρὴ
1663 2006 1731 2049 mc>

157 2074 324 2127 δρᾶσθαι
360 2074 449 2115 καθ’
483 2073 660 2126 ἡσυχίων
694 2073 757 2115 ἐπ’
788 2073 888 2117 αὐτὸ
921 2077 1038 2116 τοῦτο
1071 2074 1339 2127 πορευομένων
1371 2077 1441 2119 οὐκ
1470 2077 1534 2119 ἐπ’
1561 2076 1667 2120 ἄλλο
1694 2094 1732 2121 τι

159 2143 425 2198 βοιςοιζόντων
468 2144 523 2186 τοὶ
567 2144 661 2196 πρὸς
695 2145 786 2191 τοὺς
820 2145 926 2191 θεοὺς
960 2144 1085 2197 ἱερεῖά
1118 2162 1163 2187 τε
1196 2146 1265 2188 κοιὶ
1299 2143 1403 2190 ὅσιοι.
1467 2148 1660 2191 Multum
1692 2163 1735 2192 se

160 2219 325 2272 torquet
352 2217 396 2257 in
421 2215 499 2258 hoc
527 2215 556 2258 1.
587 2215 846 2259 emendando
873 2216 1171 2273 Wyttenbach.
1201 2219 1245 2259 in
1270 2218 1397 2272 Epist.
1432 2220 1529 2262 Urit.
1546 2233 1643 2277 pag.
1664 2218 1733 2262 35.

159 2288 230 2330 sed
271 2285 380 2329 nihil
420 2286 596 2342 profecit
631 2288 729 2342 quia
760 2287 904 2329 mendi
936 2287 1077 2329 sedem
1107 2301 1190 2330 non
1220 2293 1497 2345 perspexerat.
1560 2290 1734 2333 Mendo-

159 2373 255 2401 sum
289 2361 351 2401 est
381 2357 652 2411 βαςοιζόντων
686 2360 728 2400 et
758 2359 816 2400 sic
847 2358 1097 2416 legendum:
1117 2384 1171 2390 —
1191 2360 1263 2401 οὐκ
1292 2360 1356 2402 ἐπ’
1390 2359 1495 2403 ἄλλο
1527 2377 1566 2403 τι
1593 2361 1736 2412 ,eoml-

160 2428 300 2482 ζόντων
335 2428 391 2471 τοὶ
423 2428 518 2481 πρὸς
552 2429 644 2476 τοὺς
677 2428 784 2476 θεοὺς
818 2429 914 2481 ἱερΑ
946 2446 992 2472 τε
1026 2429 1093 2471 καὶ
1127 2428 1229 2472 ὅσιοι.
1293 2430 1554 2475 Huiusmodi
1578 2446 1734 2476 errores

157 2514 240 2543 non
269 2500 353 2543 nisi
379 2514 427 2543 ex
454 2503 594 2543 vetere
621 2499 772 2542 lacuna
796 2503 1039 2543 nascuntur.
1089 2500 1313 2558 Supererat
1339 2503 1732 2547 ΒΑΗΖΟΝΤΩΝ.

219 2639 352 2695 Saepe
394 2640 526 2683 miror
568 2642 774 2696 quantum
815 2642 871 2682 sit
906 2641 951 2683 in
986 2640 1163 2684 Libanio
1192 2642 1367 2686 stolidae
1399 2643 1659 2687 credulitatis
1692 2648 1734 2688 et

160 2712 469 2768 superstitionis
500 2715 549 2753 ut
576 2712 770 2767 quamvis
796 2712 974 2754 absurda
997 2712 1142 2755 vetula
1167 2714 1348 2769 ineptior
1374 2728 1461 2757 esse
1487 2717 1730 2771 reperiatur.

159 2784 274 2826 Serio
315 2782 460 2825 scribit
501 2782 535 2825 I.
580 2782 678 2824 624.
717 2782 784 2824 16.
817 2784 962 2824 multae
993 2783 1173 2825 civitates
1203 2785 1408 2826 Iulianum
1438 2786 1588 2828 divinis
1617 2788 1733 2829 hono-

159 2855 267 2896 ribus
298 2855 451 2904 colunt,
485 2855 646 2910 inquit,
680 2853 751 2896 nal
781 2869 842 2900 τις
875 2854 945 2904 ἤδη
979 2854 1047 2896 καὶ
1081 2856 1177 2908 παρ’
1203 2856 1348 2898 ἐκείνου
1377 2856 1425 2899 δι’
1449 2858 1578 2911 εὐχῆς
1606 2858 1731 2912 ᾔτησέ

160 2941 198 2967 τι
241 2928 316 2967 τῶν
360 2925 526 2977 ἀγαθῶν
563 2924 631 2967 καὶ
664 2926 735 2968 οὐκ
767 2924 967 2979 ἠτύχησε.
1001 2925 1149 2970 deinde
1180 2928 1299 2982 quasi
1329 2927 1373 2971 id
1404 2931 1511 2971 esset
1540 2929 1600 2972 sic
1631 2930 1732 2972 satis
