1946 3298
904 122 988 163 563

156 251 314 307 posteri
354 249 403 290 de
445 248 494 291 L.
543 247 712 303 Opimio
759 247 948 289 tulerunt
997 247 1181 291 Gracchi
1228 248 1508 290 interfectore.
1572 245 1732 288 Statim

160 323 256 376 post
287 319 381 361 Caii
413 319 581 361 caedem
614 331 719 359 anno
757 317 840 359 120
874 322 950 368 „L
991 321 1164 372 Opimius
1198 325 1395 359 accusatus
1427 321 1530 372 apud
1548 319 1736 372 populum

161 408 184 431 a
222 393 267 440 Q.
301 393 421 430 Decio
450 393 601 429 tribuno
619 391 749 442 plebis
773 392 873 440 quod
901 392 1132 429 indemnatos
1159 393 1256 429 cives
1286 392 1324 428 in
1351 405 1534 430 carcerem
1560 391 1737 429 coniecis-

161 467 219 501 set
261 463 460 501 absolutus
500 458 594 499 est.²'
648 458 741 500 Liv.
774 458 958 513 Epitom.
995 459 1063 501 61.
1098 459 1303 501 Defensus
1337 464 1400 501 est
1434 461 1484 502 ab
1516 462 1607 514 ipso
1640 457 1738 500 Car—

160 531 292 585 bone,
327 545 450 585 quem
481 543 606 584 supra
636 530 825 571 vidimus
860 534 1046 580 „rediisse
1078 534 1128 570 ad
1159 530 1312 571 bonos.’'
1363 530 1508 573 Cicero
1541 534 1585 570 de
1627 532 1735 569 Orat.

160 601 216 642 H.
251 601 320 642 25.
359 616 468 650 „cum
497 603 547 641 L.
587 603 730 653 Opimii
761 616 913 641 causam
944 602 1171 656 defendebat
1208 605 1311 655 apud
1331 605 1519 655 populum
1550 603 1591 641 O,
1621 600 1738 639 Carbo

161 675 294 712 consul
331 671 453 728 (anno
498 669 600 726 120)
642 674 746 711 nihil
775 674 819 711 de
855 672 900 713 C.
942 672 1108 712 Gracchi
1140 675 1247 712 caede
1278 674 1453 726 neyabat,
1491 675 1557 712 scd
1585 673 1628 710 id
1659 673 1741 709 iure

154 758 231 796 pro
269 745 393 783 salute
425 744 583 795 patriae
620 742 782 795 factum
824 757 904 782 esse
948 742 1139 783 dicebat.''
1217 743 1320 784 Post
1363 756 1489 784 annos
1530 741 1572 782 X
1618 741 1739 796 (anno

169 813 270 869 110)
305 827 355 855 ex
385 812 481 868 lege
513 811 712 853 Mamilia
743 811 982 866 postulatus
1008 813 1336 867 repetundarum
1363 814 1588 855 damnatus
1615 811 1742 853 vertit

166 883 305 926 solum
350 884 476 924 homo
525 886 566 924 et
603 883 860 924 inhumanae
892 883 1156 925 crudelitatis
1189 888 1229 925 et
1261 884 1494 940 flagitiosae
1527 881 1739 924 avaritiae.

169 955 287 997 Audi
326 968 436 995 nune
480 956 635 1008 quanto
679 967 799 1008 opere
844 952 988 995 Cicero
1029 955 1141 995 hune
1181 955 1400 996 hominem
1439 954 1671 995 admiretur
1703 953 1744 992 et

166 1026 334 1068 laudet:
361 1040 436 1079 pro
467 1027 629 1064 Plancio
663 1023 733 1065 29.
771 1027 902 1074 „ZVam
941 1025 1084 1077 Opimii
1110 1028 1257 1079 quidem
1289 1027 1485 1064 calamitas
1516 1026 1663 1063 utinam
1699 1038 1744 1062 ex

167 1098 359 1137 bominum
400 1100 578 1136 memoria
609 1102 744 1148 posset
787 1095 897 1135 evelli
910 1099 926 1134 s
983 1095 1131 1135 Vulnus
1163 1096 1266 1135 illud
1298 1096 1410 1148 reip,
1443 1098 1599 1135 dedecus
1631 1096 1746 1133 liuius

172 1170 345 1220 imperii,
377 1169 578 1219 turpitudo
598 1168 734 1218 populi
759 1168 947 1215 Romani.
979 1181 1055 1205 non
1080 1168 1261 1205 iudicium
1282 1168 1497 1219 putandum
1515 1171 1583 1205 est.
1625 1166 1746 1213 Quam

171 1241 269 1279 enirm
299 1240 363 1277 illi
391 1240 535 1277 iudices
567 1261 621 1266 —
645 1239 859 1289 qraeiorem
878 1242 1093 1289 potuerunt
1116 1237 1215 1289 reip.
1246 1239 1420 1290 infliqerc
1449 1238 1608 1275 securim
1635 1249 1747 1288 quam

173 1324 288 1361 queam
312 1311 423 1348 illum
449 1324 468 1347 e
493 1307 649 1347 civitate
675 1310 863 1346 eiecerunt
884 1310 951 1358 qui
975 1309 1144 1346 Praetor
1159 1310 1349 1360 finitimo,
1387 1307 1528 1346 Consul
1549 1308 1747 1345 domestico

175 1383 270 1421 bello
300 1394 416 1432 remp.
445 1376 680 1418 liberaraff'?
703 1392 774 1430 pro
802 1379 926 1417 Sestio
957 1378 1023 1417 67.
1055 1393 1183 1427 „unus
1216 1381 1253 1418 in
1279 1381 1348 1417 liae
1374 1377 1529 1419 civitate
1557 1401 1612 1406 —
1632 1391 1748 1429 prae-

173 1455 273 1491 clare
312 1453 373 1489 vir
417 1452 460 1489 de
497 1464 577 1502 rep.
621 1448 783 1488 meritus
823 1450 870 1489 L..
921 1450 1095 1502 Opimius
1127 1449 1390 1503 indiqnissime
1420 1447 1605 1496 concidit,
1641 1450 1750 1487 cuius

170 1527 448 1562 monumentum
477 1519 754 1559 celeberrimum
782 1522 823 1558 in
839 1519 960 1573 foro,
990 1522 1227 1572 sepulchrum
1255 1522 1551 1559 desertissimum
1573 1521 1615 1557 in
1638 1521 1751 1558 litore

174 1592 448 1648 Dyrrhachino
490 1593 664 1630 relictum
696 1596 767 1632 est.
801 1592 900 1629 laune
919 1593 1155 1644 flayrantem
1186 1591 1334 1630 invidia
1365 1596 1520 1643 propter
1551 1592 1750 1629 interitum

182 1667 222 1705 Ο.
271 1665 435 1702 Gracchi
474 1664 555 1714 ipse
586 1663 758 1713 populus
796 1663 993 1700 Romanus
1016 1664 1192 1714 periculo
1225 1664 1421 1705 liberat-it,
1459 1664 1538 1701 alia
1568 1660 1750 1712 quaedam

176 1739 290 1776 civem
321 1735 507 1786 eqreqium
541 1734 663 1782 iniqui
695 1734 828 1770 iudicii
850 1735 1023 1784 procella
1044 1731 1273 1786 pervertit.”
1322 1730 1465 1773 Cicero
1497 1735 1539 1771 in
1569 1734 1750 1771 Pisonem

179 1803 246 1846 39.
297 1803 424 1844 audet
471 1815 717 1856 componere
763 1801 920 1842 Rutilii
966 1801 1065 1843 Rufi
1112 1807 1153 1844 et
1200 1802 1359 1858 Opimii
1411 1802 1747 1844 damnationem:

179 1879 257 1928 ,‚L.
307 1876 480 1928 Opimius
520 1876 661 1914 eiectus
702 1879 759 1912 est
799 1889 818 1912 e
838 1876 992 1927 patria,
1026 1877 1061 1913 is
1092 1877 1159 1925 qui
1188 1877 1357 1914 Praetor
1388 1880 1425 1913 et
1463 1875 1604 1913 Consul
1628 1871 1750 1912 maxi-

177 1950 250 1987 mis
291 1960 408 1998 remp.
436 1946 626 1997 periculis
659 1944 856 1984 liberarat.
919 1947 1012 1984 Non
1042 1948 1084 1984 in
1116 1960 1156 1985 eo
1189 1948 1250 1985 cui
1267 1945 1389 2000 facta
1421 1951 1478 1984 est
1509 1947 1656 1984 imiuria
1687 1944 1753 1982 sed

175 2021 218 2057 in
251 2020 300 2056 iis
331 2019 398 2068 qui
415 2015 606 2069 fecerunt
635 2017 757 2054 scelus
783 2020 820 2054 et
852 2018 1100 2055 conscientiae
1123 2030 1249 2068 poena
1270 2014 1523 2069 permansit.’'
1587 2014 1750 2067 Nempe

177 2089 371 2143 equitum
412 2085 583 2126 iudiciis
625 2086 833 2126 invidiam
877 2085 1046 2136 conflat,
1094 2090 1142 2128 ut
1182 2089 1227 2128 in
1257 2091 1385 2128 Bruto
1419 2085 1498 2127 34:
1538 2087 1752 2139 „invidiosa

175 2162 252 2213 Zeqe
278 2159 456 2199 sslamilia
482 2154 673 2207 (Sallust.
702 2148 792 2209 luy,
821 2155 893 2211 40)
922 2161 1141 2208 quaestione
1168 2182 1221 2188 -
1245 2161 1359 2198 civem
1369 2158 1751 2211 praestantissimum

177 2233 227 2272 L.
277 2231 467 2282 Opimium
518 2227 562 2268 O.
613 2229 777 2267 Gracclzi
816 2228 1103 2282 interfectorem
1135 2246 1158 2268 a
1181 2232 1328 2282 populo
1361 2231 1573 2268 absolutam
1604 2242 1686 2266 cum
1716 2228 1752 2265 is

179 2307 310 2341 contra
326 2301 467 2352 populi
487 2301 657 2338 studium
683 2301 854 2338 stetisset
883 2301 1097 2340 Gracchani
1125 2303 1265 2340 iudices
1294 2296 1572 2340 sustulerunt.”
1606 2295 1752 2351 Splen-

179 2371 419 2413 didissimos
462 2370 623 2423 equites
666 2370 753 2410 sine
793 2368 916 2424 culpa
960 2384 1045 2412 esse
1086 2374 1127 2412 et
1166 2374 1384 2413 nocentem
1426 2382 1546 2410 reum
1577 2367 1752 2408 meritas

179 2442 340 2485 dedisse
371 2453 523 2494 poenas
555 2439 860 2481 demonstrabit
892 2440 1118 2483 Sallustius
1149 2445 1334 2495 [aym-th.
1370 2440 1440 2481 16.
1477 2439 1668 2480 mittitur
1700 2436 1753 2478 ad

175 2510 430 2568 Iugurtham
475 2509 657 2565 legatio:
709 2514 845 2560 „cuius
892 2512 1093 2565 leyationis
1127 2517 1310 2566 princeps
1341 2513 1437 2567 fuit
1478 2513 1525 2550 L.
1578 2512 1753 2562 Opimius

179 2587 285 2624 homo
317 2582 445 2622 clarus
476 2587 512 2620 et
545 2587 623 2620 tum
656 2584 691 2620 in
729 2585 873 2621 »Senatu
895 2590 1035 2635 potens
1066 2587 1155 2635 quia
1186 2586 1319 2623 consul
1353 2583 1389 2623 C.
1429 2584 1601 2622 Graccho
1630 2587 1667 2620 et
1692 2583 1748 2620 M.

177 2655 320 2696 Fulvio
367 2655 503 2692 Flacco
548 2651 766 2705 interfectis
813 2657 992 2693 acerrime
1032 2658 1231 2694 victoriam
1272 2656 1490 2693 nobilitatis
1529 2655 1570 2691 in
1603 2650 1752 2703 plebem

178 2730 407 2766 exercuerat.
472 2725 573 2762 Eum
617 2724 812 2774 Iussurtlza
844 2748 898 2753 —
931 2728 1215 2765 accuratissime
1255 2727 1412 2778 recepit,
1457 2725 1576 2762 dando
1604 2729 1641 2762 et
1662 2721 1753 2775 pol-

180 2797 361 2837 &citando
385 2796 555 2847 perfecit
587 2795 647 2831 uti
667 2791 800 2846 fama,
828 2796 937 2849 fide,
966 2803 1159 2848 postremo
1192 2798 1363 2836 omnibus
1395 2796 1477 2834 suis
1507 2796 1622 2833 rebus
1657 2807 1752 2833 com—

179 2869 326 2909 modum
356 2867 457 2918 reyis
488 2863 713 2918 anteferret.
