1946 3298
926 107 1011 148 584

181 236 434 291 praefectus,
478 235 599 277 classi
639 235 751 276 enim
794 232 996 276 Chabrias
1039 237 1251 288 praeerat,
1296 236 1337 275 et
1380 247 1548 275 summa
1589 233 1755 288 imperii

182 309 270 348 erat
312 320 437 361 penes
481 305 670 351 Tachon‚
705 309 871 347 coactus
903 305 1069 346 barbari
1098 304 1285 346 hominis
1316 304 1471 346 fastum
1505 309 1546 346 et
1577 304 1756 358 ineptias

183 377 401 425 devorare,
434 377 623 432 primum
655 377 816 417 invitus
849 374 1165 423 συνεξέπλευσεν
1197 375 1263 415 ἐπὶ
1299 374 1390 420 τοὺς
1425 375 1607 421 Φοίνικας
1646 374 1755 424 αὐτῷ

184 448 297 500 παρα
340 449 411 496 την
453 447 574 496 οΞξιάν
607 448 678 494 την
712 447 855 488 ἑαυτοῦ
890 446 957 487 καὶ
994 446 1063 494 την
1098 447 1222 498 φύσιν
1257 446 1425 486 ὑπείκων
1458 445 1526 485 καὶ
1561 449 1757 496 καρτερῶν

181 518 279 570 ἄχρι
324 515 368 559 οὗ
412 518 542 569 καιρὸν
581 517 734 565 ἔλαβεν
771 517 1003 572 (Plutarch.
1039 515 1108 558 37.
1145 515 1218 568 7.).
1269 515 1498 570 Postquam
1533 517 1646 556 enim
1681 514 1759 556 Ta-

181 590 279 631 chos
311 603 362 630 ex
393 588 602 629 Phoenice
634 601 676 629 se
708 589 863 642 recepit
896 587 1150 628 Nectanabis
1184 586 1349 638 ἀνεψιὸς
1384 585 1432 626 ὢν
1465 589 1534 626 τοῦ
1566 585 1702 638 Τάχω
1737 598 1761 626 a

178 673 277 715 rege
324 659 548 700 Persarum
597 658 748 700 defecit
789 662 830 699 et
874 658 924 699 ab
971 659 1198 713 Aegyptiis
1241 671 1315 698 rex
1355 657 1619 698 renuntiatus
1663 669 1761 697 cum

185 729 368 771 Chabria
411 732 452 770 et
494 728 692 785 Agesilao
737 742 859 784 agere
901 730 1038 783 coepit
1078 732 1127 769 ut
1175 729 1335 770 deserto
1383 727 1523 770 Tacho
1571 727 1622 768 ad
1667 739 1762 767 suas

183 803 323 855 partes
367 800 606 840 transirent.
670 798 895 855 Agesilaus
936 811 1105 840 morum
1150 798 1281 840 Tachi
1313 803 1527 853 pertaesus
1560 801 1601 838 et
1633 796 1683 837 de
1715 809 1762 837 eo

185 870 394 927 prodendo
439 871 629 926 cogitans
668 870 784 910 misit
827 867 1021 923 Spartam
1062 871 1135 922 qui
1166 868 1334 910 Tachon
1368 870 1690 910 criminarentur
1723 870 1764 907 et

186 941 472 984 collaudarent
503 940 793 981 Nectanabim.
832 938 1028 989 ἔπεμψαν
1063 941 1103 981 δὲ
1137 940 1339 988 κάκεῖνοι,
1376 944 1417 980 et
1445 939 1624 980 duarum
1651 938 1765 994 lega-

187 1015 353 1054 tionum
385 1012 513 1054 verba
545 1010 718 1065 Spartae
752 1010 895 1052 audita
926 1015 1036 1051 sunt.
1081 1010 1348 1065 Respondent
1374 1010 1528 1066 legatis
1556 1023 1649 1051 eam
1677 1022 1765 1050 rem

186 1086 432 1124 curaturum
475 1081 747 1137 Agesilaum,
793 1082 861 1122 6111
904 1083 1151 1135 scripserant
1197 1085 1247 1122 ut
1281 1080 1326 1121 id
1357 1080 1511 1122 faceret
1544 1082 1652 1136 quod
1681 1081 1717 1120 ei
1747 1094 1766 1120 e

187 1169 272 1210 rep.
315 1167 394 1193 esse
436 1153 649 1192 rideretur.
712 1150 861 1205 Itaque
903 1151 1127 1207 Agesilaus
1163 1152 1343 1205 turpiter
1387 1151 1589 1192 destituto
1625 1154 1767 1191 vetere

189 1225 300 1265 socio
340 1226 381 1263 et
414 1223 548 1263 amico
581 1223 720 1276 copias
754 1221 805 1262 ad
837 1221 1116 1262 Nectanabim
1148 1221 1344 1262 traducit.
1410 1220 1686 1269 Plutarchus,
1720 1224 1768 1261 ut

193 1298 254 1336 est
299 1291 498 1334 candidus
535 1306 581 1333 ac
613 1291 899 1345 μισοπόνηρος,
934 1291 1197 1333 excandescit
1229 1292 1281 1334 ad
1311 1291 1413 1333 haec
1446 1295 1487 1332 et
1520 1291 1688 1333 scribit:
1722 1289 1767 1331 τὸ

195 1362 450 1406 δικαιότατον
496 1361 617 1412 ὄνομα
661 1368 732 1410 τῆς
777 1361 959 1414 πράξεως
1003 1362 1187 1413 προδοσία
1235 1358 1290 1407 ἦν.
1325 1365 1367 1403 et
1398 1362 1534 1403 acrius
1563 1362 1691 1403 etiam
1724 1361 1769 1401 in

194 1435 501 1490 comparatione
545 1433 728 1488 Ayesilai
769 1442 805 1474 et
853 1433 1046 1489 Pompeii
1094 1433 1139 1474 5μ
1184 1433 1223 1474 6.
1275 1432 1521 1488 (Ayesilaus)
1569 1431 1767 1477 πιςευθεὶς

193 1505 449 1556 ἐγκατέλιπε
491 1504 558 1545 καὶ
604 1504 756 1554 μετέςη
802 1504 896 1555 πρὸς
931 1504 1023 1550 τοὺς
1057 1506 1340 1553 πολεμοῦντας
1374 1499 1427 1549 οἷς
1462 1502 1634 1544 ἔπλευσε
1668 1518 1770 1552 συμ-

189 1579 405 1628 μαχησων.

253 1647 415 1689 Tachos
446 1647 581 1702 igitur
613 1645 810 1687 Sidonem
844 1650 883 1687 et
915 1646 1011 1687 inde
1043 1645 1094 1687 ad
1127 1660 1272 1702 regem
1306 1645 1529 1687 Persarum
1565 1645 1769 1701 profugit.

193 1719 360 1760 Interea
390 1731 524 1759 novus
555 1731 627 1758 rex
661 1717 704 1757 ἐκ
738 1717 944 1764 Μένδητος
980 1718 1189 1771 exoritur,
1223 1718 1295 1771 qui
1328 1720 1370 1758 et
1401 1719 1488 1771 ipse
1523 1715 1768 1773 Agesilaum

193 1792 329 1830 tentat
368 1786 599 1843 promissis.
663 1786 776 1829 Hinc
819 1788 953 1829 denuo
995 1790 1250 1842 suspiciones
1287 1795 1327 1830 et
1359 1788 1494 1844 frigus
1527 1789 1637 1829 inter
1666 1787 1769 1828 Nec—

191 1860 380 1902 tanabim
424 1863 464 1900 et
506 1858 778 1915 Agesilaum:
825 1859 841 1899 ὁ
876 1859 915 1900 δὲ
949 1859 1202 1908 Ἀγησίλαος
1238 1859 1463 1908 ἠγανάκτει
1497 1859 1570 1908 μὲν
1603 1858 1770 1902 οὶπιςού-

192 1947 308 1982 μενος
343 1929 408 1971 καὶ
444 1929 600 1980 βαρέως
635 1928 773 1981 ἔφερεν
794 1963 802 1979 ,
839 1930 1132 1981 αἰσχυνόμενος
1164 1930 1204 1971 δὲ
1245 1929 1351 1986 [καὶ]
1383 1929 1509 1971 πάλιν
1537 1934 1769 1979 μεταςῆναι

194 2002 288 2053 πρὸς
333 2001 400 2042 τὸν
446 1998 572 2052 ἕτερον
615 2001 682 2041 καὶ
727 2001 873 2047 τελέως
920 2002 1112 2043 ἀπελθεῖν
1145 2000 1380 2052 ἄπρακτος,
1423 2001 1663 2049 ἠκολούθησε
1699 2000 1768 2041 καὶ

192 2072 444 2119 συνεισῆλθεν
487 2072 541 2117 εἷς
586 2071 630 2112 τὸ
674 2076 828 2123 τεῖχος.
875 2071 961 2127 (38,
1008 2071 1082 2126 20)
1125 2072 1199 2113 ubi
1242 2073 1475 2113 rectissime
1515 2068 1665 2113 Coraes
1695 2084 1770 2126 pro

192 2143 261 2185 uxi
304 2142 451 2187 τελέας
497 2142 737 2183 emendavit
783 2142 803 2190 ἢ
847 2142 1010 2188 τελέως.
1077 2142 1333 2184 Praecedens
1366 2142 1437 2183 καί
1467 2143 1511 2183 111
1544 2142 1611 2183 καὶ
1645 2141 1770 2183 πάλιν

194 2229 244 2256 ex
287 2227 370 2255 uno
412 2212 519 2254 libro
558 2216 773 2267 receptum
816 2213 1063 2254 mendosum
1106 2217 1180 2254 est.
1245 2212 1401 2254 Verum
1448 2227 1534 2254 esse
1568 2213 1765 2255 arbitror:

196 2284 486 2335 αἰσχυνόμενος
534 2283 574 2324 δὲ
609 2282 664 2324 ’Ἡ
710 2284 835 2324 πάλιν
879 2291 1111 2333 μεταςῆναι
1146 2285 1240 2335 πρὸς
1276 2285 1341 2326 τὸν
1376 2282 1505 2335 ἕτερον
1532 2280 1588 2324 ”H
1622 2283 1768 2330 τελέως

194 2357 387 2397 ἀπελθεῖν
434 2354 660 2405 ἄπρακτος.
725 2353 938 2397 Toleravit
986 2356 1120 2410 igitur
1168 2354 1452 2409 obsidionem,
1503 2358 1590 2396 arte
1632 2354 1771 2396 hostes

196 2428 428 2481 superavit,
478 2425 624 2467 deinde
667 2427 711 2466 in
752 2425 843 2467 loca
885 2425 1026 2467 clausa
1068 2425 1302 2480 compulsos
1344 2425 1554 2467 occidione
1601 2425 1768 2467 occidit.

193 2496 296 2548 Quis
328 2496 467 2537 credat
497 2496 599 2538 haec
633 2497 774 2537 omnia
805 2498 915 2537 ‘intra
949 2499 1068 2537 unius
1102 2498 1200 2538 anni
1225 2498 1406 2553 spatium
1440 2495 1528 2538 fieri
1557 2493 1770 2550 potuisse?

192 2566 422 2608 Verissima
461 2567 596 2621 igitur
638 2570 698 2607 est
741 2580 880 2608 eorum
930 2568 1137 2609 sententia
1175 2569 1247 2622 qui
1279 2567 1526 2624 Agesilaum
1568 2579 1772 2609 annorum

193 2639 391 2692 ortogsinta
435 2637 478 2677 in
520 2637 768 2692 Aegyptum
811 2637 1046 2692 profectum
1090 2652 1176 2679 esse
1219 2638 1406 2679 scribunt
1450 2642 1491 2678 et
1530 2646 1706 2692 quatuor
1737 2645 1772 2678 et

195 2710 393 2763 οοΐοφὶητα
442 2720 568 2748 annos
615 2711 761 2748 natum
809 2710 1032 2750 excessisse
1079 2722 1100 2750 e
1148 2710 1248 2750 vita.
1316 2705 1627 2749 Confirmantur
1669 2706 1771 2748 haec

195 2779 324 2820 etiam
366 2777 545 2819 aliunde.
605 2775 898 2820 Cleombrotus
932 2793 1036 2821 anno
1073 2778 1158 2822 378
1192 2793 1290 2820 cum
1331 2780 1518 2820 exercitu
1557 2779 1602 2819 in
1644 2777 1773 2819 Boeo-

195 2851 298 2894 tiam
342 2849 529 2890 mittitur
570 2849 676 2904 (cap.
712 2847 780 2888 24.
820 2848 887 2905 9),
922 2850 938 2890 ὁ
972 2850 1053 2902 γαρ
1089 2850 1345 2900 Ἀγησίλαος
1380 2850 1430 2897 ὡς
1464 2846 1534 2897 ἔτη
1566 2846 1771 2901 τεσσαρά-
