1946 3298
930 144 1015 187 510

245 272 454 316 Similiter
483 286 581 329 pag.
619 269 703 312 385
721 271 756 312 b.
789 271 916 326 periit
948 267 1175 311 articulus:
1209 266 1300 312 τοὺς
1329 266 1368 307 ἐν
1391 267 1500 318 ἀρχῇ
1526 265 1641 322 (ΤΑ)
1670 264 1757 319 περὶ

185 345 251 386 τὸν
285 345 366 385 θεὸν
400 343 782 396 φιλοσοφήσαντας.
1330 377 1333 381 ,

246 414 431 466 Quantas
458 414 601 454 turbas
630 412 790 454 dederit
817 414 861 452 in
886 411 1007 452 libris
1034 410 1156 451 litera
1174 409 1351 450 initialis
1369 410 1516 463 (minio
1535 407 1762 464 pingenda)

186 489 260 527 aut
291 487 445 526 omissa
477 489 548 526 aut
580 482 691 524 male
725 482 890 537 expleta
913 494 994 522 non
1022 494 1106 522 uno
1133 480 1222 521 loco
1249 479 1520 520 ostendimus.
1555 479 1763 520 Palmaris

186 559 248 598 est
291 555 526 597 emendatio
567 553 733 595 Reiskii
780 566 876 609 pag.
910 550 994 592 549
1024 566 1056 591 ο.
1099 551 1174 591 ubi
1215 551 1260 591 in
1292 549 1411 590 libris
1444 549 1763 591 circumfertur:

187 628 208 674 ἦ
243 626 392 672 ποινη
429 627 449 673 ἦ
483 629 746 676 παραχρῆμα
787 622 832 664 τὸ
875 627 1073 671 πταῖσμα
1106 645 1160 651 --
1194 621 1387 662 διώκουσα
1422 620 1564 669 πληγὴ
1599 643 1652 649 -
1687 634 1763 667 με·

185 695 309 746 τάγει
342 696 437 748 πρὸς
471 697 515 736 τὸ
550 695 647 736 δέον.
710 692 928 735 Praeclare
962 693 1165 734 correxit:
1196 692 1395 732 ‘'IHHON
1432 691 1452 738 ἡ
1487 694 1763 742 παραχρῆμα.

185 767 287 809 Erat
324 768 368 807 in
398 769 564 808 vetusto
606 764 735 806 libro:
779 763 1402 811 *HHONHHAPAXPHMA,
1437 760 1548 802 unde
1580 761 1708 815 stipes
1741 759 1763 807 ἡ

187 837 298 886 ποινή
332 836 503 879 effinxit.

248 980 354 1037 Pag.
389 978 474 1021 385
503 993 535 1019 c.
579 979 628 1023 ὡς
674 976 713 1018 δὲ
757 975 927 1021 καθίσας
973 973 1057 1025 περὶ
1102 974 1164 1025 (L.
1211 973 1341 1027 παρὰ)
1381 973 1447 1015 τὸν
1481 972 1570 1013 νεὼν
1602 970 1657 1013 τα
1690 971 1763 1020 μὲν

190 1050 311 1097 αὐτὸς
358 1049 539 1101 ἠρξάμην
582 1048 741 1100 ζητεῖν,
788 1047 842 1087 τά
875 1047 906 1087 δ’
941 1046 1106 1090 ἐκείνους
1146 1045 1292 1095 ἐρωτᾶν
1328 1044 1403 1086 ὑπὸ
1439 1047 1505 1084 τοῦ
1540 1046 1662 1084 τόπου
1697 1042 1764 1082 καὶ

189 1126 265 1162 τῶν
310 1120 442 1171 λόγων
485 1121 639 1165 αὐτῶν,
675 1115 702 1160 ὁὶ
738 1117 872 1159 πάλαι
912 1117 1011 1157 ποτὲ
1045 1116 1134 1155 καθ’
1168 1109 1206 1155 ὃν
1241 1116 1373 1166 καιρὸν
1408 1115 1599 1162 ἐπεδήμει
1633 1113 1766 1163 Νέρων

190 1192 418 1240 ἠκούσαμεν
448 1188 696 1238 Ἀμμωνίου,
759 1186 919 1243 Magna
952 1190 1014 1226 est
1044 1187 1087 1226 in
1122 1185 1187 1226 his
1221 1185 1370 1226 lacuna
1404 1190 1496 1239 post
1527 1187 1602 1225 τῶν
1634 1184 1766 1233 λόγων

190 1263 336 1304 αὐτῶν.
400 1259 617 1302 Sententia
659 1259 911 1299 amissorum
951 1261 1039 1297 erat
1072 1256 1201 1297 ferme
1233 1255 1548 1297 huiuscemodi:
1584 1255 1658 1304 „ab
1686 1255 1768 1308 ipso

189 1334 269 1375 loeo
302 1337 338 1374 et
368 1334 555 1373 sermonis
597 1335 820 1381 aryumento
867 1328 1053 1383 (invitati
1087 1327 1300 1381 coepimus
1333 1339 1476 1367 omnes
1509 1338 1557 1367 ea
1587 1325 1769 1379 narrare)

190 1401 216 1446 ὁὶ
251 1402 385 1445 πάλαι
421 1402 517 1443 ποτὲ
548 1400 794 1449 ἠκούσαμεν.

249 1545 355 1602 Pag.
400 1543 484 1586 385
504 1558 533 1584 ο.
570 1542 655 1584 ἐπεὶ
701 1541 740 1583 δὲ
783 1544 851 1582 τοῦ
891 1542 1158 1591 φιλοσοφεῖν,
1193 1538 1301 1589 ἔφη,
1332 1539 1377 1579 τὸ
1411 1538 1566 1592 ζητεῖν,
1600 1537 1644 1579 τὸ
1678 1538 1769 1578 θαυ-

190 1615 335 1669 μάζειν
370 1615 436 1656 καὶ
474 1615 650 1664 άπορεῖν.
717 1612 830 1654 Fieri
860 1624 943 1652 non
975 1614 1111 1664 potest
1143 1611 1244 1664 quin
1277 1610 1378 1651 haec
1411 1609 1595 1664 aliquam
1629 1607 1769 1650 labem

191 1688 464 1742 conceperint.
531 1684 701 1740 Optime
748 1683 920 1725 haberet
968 1684 1036 1721 τοῦ
1087 1685 1330 1732 φιλοσοφεῖν
1374 1681 1394 1727 ἦ
1439 1682 1546 1731 αρχη
1597 1678 1682 1734 (vel
1723 1678 1768 1718 τὸ

191 1758 334 1814 αἴτιον)
378 1758 423 1799 τὸ
468 1755 691 1807 θαυμάζειν
735 1754 800 1795 καὶ
847 1754 1009 1803 άπορεῖν
1052 1751 1145 1794 ε’ζιν.
1212 1751 1335 1794 Plato
1367 1752 1411 1791 in
1446 1751 1644 1791 Theaeteto
1673 1763 1770 1805 pag.

193 1829 277 1872 155
311 1830 350 1870 d.
385 1827 507 1878 μάλα
551 1826 634 1876 γάρ
678 1824 906 1878 φιλοσόφου
950 1825 1065 1863 τοῦτο
1108 1822 1152 1864 τὸ
1198 1822 1322 1867 πάθος
1367 1823 1410 1862 τὸ
1449 1819 1693 1870 θαυμάζειν·
1727 1820 1769 1860 οὐ

191 1901 273 1952 γὰρ
307 1898 416 1946 άλλη
451 1898 559 1948 ἀρχὴ
593 1897 844 1948 φιλοσοφίας
879 1894 900 1941 ἣ
936 1891 1056 1940 αὕτη.
1096 1894 1168 1935 sed
1201 1907 1281 1948 quo
1312 1896 1433 1948 pacto
1466 1891 1643 1948 vulgata
1673 1890 1771 1932 hinc

190 1972 305 2014 nasci
336 1970 523 2026 potuerit
553 1981 635 2009 non
667 1967 884 2022 perspicio.

251 2040 300 2082 In
339 2039 420 2082 fine
466 2037 654 2081 eiusdem
697 2036 779 2078 loci
821 2035 1112 2077 scribendum:
1155 2030 1225 2085 ἔρα
1268 2033 1308 2074 δὲ
1341 2033 1409 2074 καὶ
1441 2031 1560 2073 ταυτὶ
1594 2031 1649 2073 τα
1683 2047 1773 2083 προ-

191 2112 431 2164 γράμματα
466 2134 518 2140 -
554 2105 681 2149 ἕσΟΝ
712 2108 859 2156 ,λόγων
903 2107 1051 2153 πλῆθος
1092 2106 1169 2155 ἀφ’
1214 2104 1358 2146 ἑκάςου
1394 2128 1447 2134 --
1481 2101 1769 2152 άναπέφυκεν,

192 2181 240 2225 ὧν
274 2181 423 2226 οὐδενὸς
455 2179 572 2230 ἧττον
603 2175 717 2227 οἶμαι
753 2176 918 2227 γόνιμον
952 2177 1121 2227 λόγΩΝ
1158 2173 1258 2217 εἶναι
1292 2181 1370 2216 ΤΟ
1405 2178 1468 2215 νῦν
1510 2173 1771 2227 ζητούμενον,

192 2267 266 2310 pro
299 2251 463 2301 ὄσΩΝ,
497 2250 690 2300 αόγοΝ,
725 2254 863 2289 ΤΟΝ.

254 2394 359 2450 Pag.
395 2390 479 2434 38⁵7
509 2406 539 2431 e.
584 2388 838 2431 Plutarchus
881 2401 923 2430 se
966 2389 1120 2429 vitiosa
1161 2386 1397 2428 subtilitate
1438 2400 1564 2427 usum
1596 2385 1771 2433 fatetur,

194 2464 265 2508 sed
307 2464 444 2505 editur
486 2461 685 2502 absurde:
731 2460 762 2500 εἶ
808 2459 874 2499 καὶ
919 2458 1108 2509 ΑΙΕχρὸν
1142 2458 1266 2498 εἰπεῖν
1301 2471 1374 2512 pro
1408 2463 1655 2507 ΓΛΙΕχρον,
1691 2469 1773 2510 qua

196 2535 434 2578 confusione
466 2530 573 2572 nihil
606 2534 668 2571 est
700 2530 968 2583 frequentius.
1036 2528 1235 2578 Γλίσχρος
1269 2529 1311 2568 iu
1352 2527 1669 2568 desuetudinem
1702 2527 1772 2567 ab·

195 2609 302 2648 ierat
344 2608 384 2645 et
425 2602 581 2643 indocti
625 2600 781 2641 scribae
823 2605 967 2640 notum
1015 2599 1095 2639 sibi
1131 2599 1307 2648 Αἶσχρός
1342 2597 1652 2638 substituebant
1687 2610 1775 2638 sen-

197 2677 351 2720 tentiae
383 2673 530 2714 securi.
563 2670 614 2712 cf.
656 2670 870 2710 Observata.
891 2671 945 2710 ad
972 2669 1091 2709 Dion.
1124 2669 1219 2709 Hal.
1257 2682 1352 2724 pag.
1378 2667 1473 2710 122.
1495 2672 1535 2708 et
1553 2665 1773 2721 Wyttenb.

197 2747 249 2790 ad
281 2743 557 2787 Plutarchum
591 2740 710 2781 Tom.
744 2740 799 2780 ΙΙ.
833 2753 929 2796 pag.
965 2739 1015 2780 31
1047 2755 1075 2780 e,
1142 2739 1189 2779 In
1226 2738 1420 2780 Isocratis
1454 2737 1642 2790 Philippo
1675 2750 1770 2792 pag.

199 2816 281 2858 111
301 2816 335 2856 b.
370 2827 444 2869 pro
486 2814 556 2854 οὐκ
601 2811 778 2860 αἰσχρῶς
821 2812 920 2850 αλλ’
966 2812 1156 2855 ἀληθινῶς
1196 2808 1376 2849 Urbinas
1407 2821 1555 2849 verum
1589 2807 1774 2847 servavit

198 2889 239 2930 οὐ
273 2886 498 2937 γλίσχρως.
563 2881 644 2924 Sed
689 2880 799 2936 quod
841 2879 1123 2936 Wyttenbach
1165 2881 1207 2920 in
1244 2880 1333 2921 vita
1370 2877 1546 2919 Caesaris
1578 2890 1664 2930 cap.
1701 2875 1770 2917 20.
