1946 3298
936 162 1020 208 559

191 292 320 339 αὐτῆς
358 290 461 342 δῶρα
500 289 569 331 καὶ
610 289 862 339 πεμπόντων.
928 290 1134 343 Quaerere
1180 293 1312 348 possit
1344 293 1498 348 aliquis
1529 307 1611 348 quo
1641 295 1762 349 pacto

190 367 382 405 matrona
412 361 602 403 Romana
633 365 696 404 tot
727 376 878 419 regum
905 363 1094 404 amicitia
1119 362 1262 405 florere
1289 366 1484 419 potuerit.
1534 364 1763 416 Colebant,

190 437 240 475 ut
280 434 444 488 opinor,
477 446 597 488 reges
629 433 687 474 sic
721 431 928 487 Scipionis
960 433 1146 474 Africani
1176 438 1218 475 et
1250 433 1484 476 Aemiliani
1512 438 1765 478 memoriam

190 507 239 545 ut
271 502 510 545 Corneliam
545 503 823 544 observarent.
889 503 1085 544 Primum
1117 503 1347 546 Numidiae
1378 519 1498 561 reges
1523 504 1766 549 Masinissae

191 573 379 623 soboles,
419 577 461 614 et
491 577 585 614 ante
619 586 759 614 omnes
789 572 997 627 Micipsa,
1032 575 1104 628 qui
1136 574 1187 615 ad
1220 573 1422 616 Senatum
1453 575 1617 632 legatos
1647 577 1767 618 misit

191 644 393 695 λέγοντας
426 643 474 689 ὡς
508 643 524 684 o‘
558 643 759 693 βασιλεὺς
790 644 930 694 χάριτι
964 644 1084 685 Γοεΐου
1119 645 1308 696 Γράκχου
1341 645 1543 695 πέμψειεν
1577 647 1632 693 εἷς
1664 653 1768 697 Σοερ-

191 715 286 757 δόνα
334 719 441 756 σῖτον
485 716 539 766 τῷ
583 715 775 766 ςροιτηγῷ
822 714 952 766 (Plut.
996 716 1041 755 in
1089 716 1128 757 C.
1175 718 1247 756 Gr.
1296 715 1338 756 2.
1378 715 1480 768 16.).
1544 716 1765 759 Praeterea

192 786 445 839 quibuscum
491 784 664 840 regibus
712 783 976 826 Aemilianus
1023 785 1258 827 amicitiam
1307 789 1348 827 et
1395 786 1627 841 hospitium
1674 801 1767 829 con-

190 857 386 897 iunxerat
442 855 487 895 in
544 854 809 896 nobilissima.
856 854 931 896 illa
979 854 1216 910 legatione,
1267 870 1347 910 qua
1395 860 1490 898 ante
1537 856 1768 898 Censuram

193 926 468 981 Aegyptum,
514 924 706 980 Syriam,
751 926 920 979 Asiam,
965 924 1186 967 Graeciam
1231 927 1357 974 obiit,
1391 941 1459 968 eos
1493 941 1638 970 omnes
1670 928 1770 970 Cor-

191 995 327 1038 neliae
370 995 633 1045 conciliavit,
675 1009 779 1051 quae
811 999 962 1037 mutua
995 1010 1091 1038 cum
1122 995 1210 1038 illis
1243 996 1377 1039 officia
1412 1011 1543 1054 usque
1575 998 1627 1040 ad
1658 1000 1770 1042 vitae

193 1068 354 1110 exitum
386 1068 584 1109 exercuit.

255 1207 523 1263 Quamquam
554 1210 597 1250 in
629 1209 805 1251 historia
832 1209 896 1251 Ti.
924 1213 965 1251 et
993 1210 1040 1252 O.
1069 1209 1354 1252 Gracchorum
1384 1211 1581 1267 pleraque
1607 1213 1771 1267 omnia,

194 1293 300 1334 quae
332 1278 587 1320 Plutarchus
619 1282 847 1322 memoriae
878 1281 1087 1335 prodidit,
1122 1285 1164 1324 et
1195 1295 1294 1323 vera
1325 1285 1367 1323 et
1397 1283 1637 1325 indubitata
1672 1287 1770 1325 sunt

195 1354 236 1393 et
275 1352 472 1392 nituntur
504 1355 614 1392 certa
647 1356 689 1392 et
721 1351 935 1406 explorata
967 1351 1046 1394 fide
1077 1354 1253 1394 testium
1286 1354 1527 1408 aequalium
1561 1358 1602 1396 et
1634 1355 1771 1397 ocula—

191 1425 356 1469 torum,
403 1424 546 1462 tamen
589 1422 633 1462 in
675 1424 915 1476 temporum
959 1424 1118 1465 ratione
1163 1428 1225 1465 est
1262 1423 1403 1478 aliqua
1435 1425 1696 1482 ambiguitas
1729 1429 1771 1467 et

192 1491 418 1540 dubitatio;
455 1505 560 1546 quae
593 1506 674 1546 quo
706 1492 873 1534 facilius
906 1498 1101 1548 appareat
1135 1508 1339 1549 exponam
1373 1496 1561 1550 primum
1596 1510 1643 1538 ea
1665 1509 1771 1550 quae

193 1562 243 1604 de
285 1565 404 1617 patre
444 1561 507 1603 Ti.
553 1561 800 1618 Sempronio
845 1562 1034 1606 Graccho
1076 1565 1296 1606 literarum
1337 1568 1624 1608 monumentis
1656 1570 1774 1608 extra

192 1647 359 1676 omnem
393 1635 719 1675 controversiam
752 1636 901 1689 positis
932 1635 1094 1689 liquido
1127 1639 1331 1678 constant.

252 1704 316 1745 T1.
353 1703 622 1746 SEMPRomus
655 1704 703 1746 P.
736 1705 762 1746 f.
800 1705 863 1746 Tr.
897 1721 937 1748 n.
971 1705 1199 1749 GRAocHus

191 1775 386 1816 tribunus
417 1775 552 1830 plebis
582 1776 665 1817 fuit
691 1790 796 1818 anno
827 1775 925 1820 187.
956 1777 1121 1831 (Livius
1147 1777 1390 1820 XXXVIII.
1425 1778 1495 1820 52.
1526 1779 1581 1821 53
1609 1784 1650 1821 et
1680 1779 1768 1836 56.)

192 1844 315 1887 duxit
347 1845 586 1888 Corneliam
619 1861 725 1889 anno
761 1846 858 1888 185.
892 1847 1005 1899 (Liv.
1042 1848 1283 1890 XXXVIII.
1319 1848 1407 1904 57.)

191 1915 466 1958 Aedilitatem
500 1919 632 1973 gessit
663 1931 768 1959 anno
805 1917 903 1960 182.
937 1918 1047 1972 (Liv.
1079 1918 1173 1960 XL.
1208 1918 1296 1973 44.)

191 1986 365 2029 Praetor
395 1987 532 2029 factus
565 1991 626 2030 est
660 2002 765 2030 anno
803 1988 900 2030 180.
933 1989 1043 2039 (Liv.
1079 1989 1169 2031 XL.
1208 1989 1297 2044 35.)

191 2072 266 2114 pro
295 2058 492 2100 Praetore
525 2060 811 2114 triumphavit
843 2060 892 2102 de
925 2060 1149 2102 Celtiberis
1181 2074 1286 2104 anno
1323 2061 1425 2105 178.

193 2128 351 2172 Consul
382 2129 465 2170 fuit
498 2144 604 2172 anno
643 2129 742 2174 177.

192 2199 478 2255 triumphavit
510 2200 561 2242 de
593 2200 736 2242 Sardis
768 2215 842 2256 pro
875 2213 962 2244 cos.
998 2216 1104 2244 anno
1140 2202 1239 2245 175.

194 2270 427 2313 Censuram
460 2272 592 2327 gessit
625 2285 731 2314 anno
768 2271 866 2314 169.

194 2341 294 2384 Cos.
330 2342 487 2383 iterum
525 2355 632 2384 anno
668 2342 764 2384 163.

254 2410 364 2455 Cum
406 2413 474 2454 his
515 2415 797 2469 componenda
838 2418 936 2457 sunt
979 2429 1083 2471 quae
1124 2417 1174 2459 de
1217 2421 1352 2460 aetate
1394 2419 1552 2462 Tiberii
1595 2424 1636 2463 et
1679 2421 1773 2464 Caii

194 2483 304 2539 apud
335 2483 615 2525 Plutarchum
646 2484 860 2541 leguntur.

257 2554 433 2595 Tiberius
470 2556 650 2595 tribunus
671 2557 801 2610 plebis
833 2558 955 2612 (anno
992 2557 1093 2607 133)
1112 2563 1236 2613 periit
1261 2562 1430 2602 nondum
1456 2565 1620 2615 triyinta
1648 2580 1772 2606 annos

193 2630 310 2666 natus
340 2626 520 2680 fratrem
564 2626 697 2667 Caium
739 2643 869 2669 novem
913 2633 1028 2669 annis
1072 2635 1198 2671 aetate
1246 2633 1488 2674 antecedam.
1551 2633 1769 2677 Plutarch.

192 2697 237 2737 in
268 2697 357 2737 vita
393 2696 432 2737 C.
469 2696 648 2738 Gracchi.
687 2697 726 2739 1.
765 2697 802 2740 7.
837 2696 881 2746 ἦν
912 2699 952 2740 δὲ
985 2700 1054 2741 tex}
1087 2701 1290 2753 μειράκιον
1326 2705 1622 2759 ποιντοὲποισιν,
1657 2706 1768 2747 ε’ννέοι

194 2766 276 2818 γὰρ
321 2767 516 2811 ἐνιαυτοῖς
558 2767 741 2810 ἐλείπετο
784 2769 995 2820 τάδελφοῦ
1037 2773 1125 2814 καθ’
1171 2774 1358 2823 ἡλικίαν,
1403 2775 1547 2822 ἐκεῖνος
1587 2776 1628 2817 δὲ
1661 2776 1767 2818 οὔπω

194 2836 411 2888 τριάκοντα
458 2839 635 2888 γεγονὼς
681 2840 902 2890 οέπέθκνεν,
951 2846 992 2884 et
1038 2845 1082 2885 in
1133 2845 1191 2886 Ti.
1244 2847 1416 2888 Graccho
1466 2846 1504 2889 3.
1552 2845 1590 2888 4.
1637 2842 1679 2894 ἦν
1730 2846 1770 2889 δὲ

197 2907 467 2960 πρεσβύτερος
501 2910 692 2956 ἐνιαυτοῖς
728 2910 840 2953 ἐννέοο
873 2912 889 2953 o‘
924 2913 1124 2967 Τιβέριος.
