1946 3298
946 154 1030 197 553

264 279 310 323 C.
352 279 528 323 Gracch.
571 279 611 321 3.
661 278 728 322 17.
771 279 936 320 maiores
968 281 1094 321 nostri
1129 281 1344 328 Φκ).ίσκοις
1380 282 1640 331 ἐπολέμησαν
1675 283 1769 338 ὑπὲρ

203 351 386 393 Γενυκίου
418 352 519 396 τινὸς
553 350 765 402 δημοέρχου
799 351 1081 402 λοιδορηθέντος
1118 352 1185 392 καὶ
1220 353 1342 394 Γαΐου
1371 355 1571 404 Βετουρίου
1601 355 1769 399 θοένοετον

202 422 467 470 κατέγνωσαν
496 419 553 462 ἔτι
586 421 782 472 δημάρχῳ
811 423 1052 474 πορευομένῳ
1081 422 1128 462 δι’
1159 424 1310 475 ἀγοραῖς
1340 426 1418 475 οὐχ
1445 424 1619 473 ὑπεξέςη
1639 427 1771 476 μόνος,

199 492 404 534 Neutrius
447 493 508 533 rei
550 494 594 532 in
637 491 870 532 Annalibus
907 491 1192 534 Romanorum
1227 493 1302 535 illa
1333 497 1538 537 memoria
1570 502 1770 552 superest.

200 561 248 604 In
293 562 471 603 secunda
509 567 625 617 parte
658 562 739 603 loci
770 562 972 603 mendum
1006 564 1139 604 inesse
1171 564 1353 606 videtur.
1391 567 1468 617 οὐχ
1502 566 1678 616 ὑπεξέςη
1711 572 1773 610 est

199 633 265 673 via
309 647 385 673 non
423 634 556 686 cessit,
599 633 669 674 sed
712 646 793 674 non
834 637 896 674 est
938 635 1028 675 veri
1070 635 1209 676 simile
1251 636 1466 679 hominem
1498 642 1541 678 in
1572 639 1772 679 tribunum

195 704 321 758 plebis
352 703 577 743 incurrisse.
643 702 840 756 Suspicor
872 706 1221 759 praepositionem
1253 707 1408 748 iniuria
1450 722 1536 750 esse
1574 710 1773 751 omissam

202 777 243 816 et
274 787 423 815 verum
458 787 544 814 esse
576 774 655 824 οὐχ
689 773 961 822 ὑπεξΑΝὲςη.
1025 773 1149 816 Solus
1183 778 1375 818 omnium
1409 779 1577 820 tribuno
1609 795 1686 820 non
1712 795 1774 820 as-

201 847 390 892 surrexit,
450 844 574 898 idque
631 857 757 898 quam
804 844 1027 901 indignum
1075 845 1277 888 Romanis
1324 849 1540 890 videretur
1587 850 1776 891 ostendet

202 913 338 956 Iulius
371 912 522 955 Caesar
553 914 663 968 apud
697 913 947 955 Suetonium
982 929 1069 970 cap.
1106 915 1171 957 78.
1209 919 1280 971 qui
1312 918 1600 972 „triumphanti
1626 925 1662 961 et
1688 921 1773 961 sub·

202 985 317 1026 selcia
348 984 563 1025 tribunicia
584 985 901 1038 praeteruehenti
931 986 1008 1025 sibi
1040 1002 1158 1027 unum
1191 1003 1210 1028 e
1241 989 1400 1040 colluvio
1432 989 1622 1031 Pontium
1653 991 1775 1046 Aqui-

202 1057 277 1097 lam
312 1071 388 1096 non
419 1058 677 1095 assurrearz'sse
708 1056 802 1095 adeo
835 1055 1063 1108 indiqnatus
1095 1062 1149 1098 est
1181 1063 1224 1098 ut
1246 1059 1578 1112 proclamaverit:
1616 1061 1776 1118 Repete

201 1139 300 1183 ergo
333 1140 356 1167 a
387 1140 456 1166 me
488 1124 642 1179 Aquila
674 1125 982 1180 rempublicam
1016 1128 1250 1169 tribunus.”

262 1195 610 1244 Ὕπεξκνίςοισθκι
658 1209 704 1237 eo
751 1210 873 1237 sensu
918 1197 1027 1252 apud
1069 1197 1347 1243 Plutarchum
1392 1204 1453 1242 est
1494 1203 1775 1258 perfrequens.

203 1267 324 1310 Tom.
369 1266 422 1308 II.
456 1281 554 1323 pag.
595 1265 679 1308 217
699 1266 739 1307 d.
790 1266 1015 1317 Ἀναξίλας
1050 1270 1142 1320 πρὸς
1177 1270 1244 1311 τὸν
1278 1272 1540 1324 θαυμάζοντα
1573 1273 1639 1315 διὰ
1673 1275 1715 1316 τί
1743 1276 1775 1316 οἱ

204 1338 335 1392 ἔφοροι
380 1343 462 1379 τοῖς
506 1338 748 1387 βασιλεῦσιν
780 1337 858 1388 οὐχ
892 1338 1228 1391 ὑπεξανίςκντοιι,
1268 1367 1321 1373 -
1355 1343 1422 1385 διὰ
1453 1345 1524 1392 την
1557 1345 1683 1394 αὐτὴν
1716 1347 1778 1387 aaz·

203 1410 321 1460 τίοιν,
356 1407 457 1462 ἔφη,
495 1409 546 1450 δι’
581 1407 624 1457 ἣν
657 1408 725 1450 καὶ
761 1408 1023 1461 ἐφορεύουσιν.

265 1550 312 1593 O.
358 1548 535 1592 Gracch.
579 1550 620 1592 4.
667 1549 705 1591 3.
750 1548 785 1592 εἴ
816 1566 916 1597 τινος
947 1549 1141 1603 ἄρχοντος
1175 1553 1357 1605 ἀφῄρητο
1389 1555 1462 1602 τὴν
1494 1556 1625 1608 ἀρχὴν
1660 1554 1677 1596 ὁ
1711 1554 1777 1604 3225-

203 1637 277 1673 μος
310 1645 386 1668 —,
431 1620 469 1662 εἴ
507 1636 567 1667 τις
611 1620 749 1672 ἅρχων
790 1619 947 1672 ἄκριτον
992 1623 1278 1675 ἐκκεκηρύχΟΙ
1323 1626 1505 1673 πολίτην.
1569 1627 1617 1668 In
1656 1626 1777 1668 libris

204 1696 267 1735 est
309 1692 508 1744 ἀφῄρητο.
573 1690 758 1733 Sintenis
798 1694 1036 1747 optativum
1068 1696 1223 1749 requiri
1255 1700 1407 1750 putans
1439 1698 1490 1739 ob
1523 1712 1583 1753 sq.
1617 1699 1777 1750 ἐκκεκη·

205 1765 318 1817 ρύχοι
353 1765 575 1818 scripserat
607 1764 791 1815 ἀφῄρῄτο
826 1769 980 1819 (errore
1012 1765 1196 1817 ἀφῄρητο
1229 1766 1475 1822 dederunt),
1511 1770 1582 1811 sed
1608 1784 1690 1812 non
1718 1777 1780 1813 est

206 1849 254 1877 ea
285 1834 421 1875 forma
454 1834 633 1888 optativi
664 1835 708 1874 in
740 1848 831 1875 usu.
881 1834 1157 1877 Athenienses
1190 1836 1289 1878 olim
1322 1837 1515 1880 dicebant
1539 1842 1777 1897 μεμνῄμην,

206 1906 439 1958 κεκλῄμην,
471 1903 696 1956 βεβλῄμην
725 1908 766 1946 et
793 1906 976 1957 καθήμην
1008 1908 1073 1957 (ut
1101 1906 1367 1965 ἐμπλῄμην),
1396 1909 1467 1950 sed
1493 1924 1616 1952 nemo
1642 1925 1780 1953 recen—

205 1978 364 2018 tiorum
408 1975 475 2017 his
512 1975 660 2017 formis
691 1977 840 2017 utitur.
903 1975 1152 2019 Revocanda
1185 1982 1247 2019 est
1277 1977 1402 2020 lectio
1434 1979 1639 2023 librorum
1671 1984 1781 2035 ἀφῄ-

205 2061 298 2100 ρητο
331 2050 373 2088 et
404 2046 686 2099 ἐκκεκηρύχΕΙ
719 2046 1043 2090 emendandum.

269 2190 316 2232 O.
360 2188 537 2232 Gracch.
584 2186 623 2231 4.
671 2185 710 2232 3.
758 2190 954 2230 Gracchus
993 2189 1110 2241 νόμον
1152 2189 1356 2245 εἰσέφερεν
1391 2219 1447 2226 -——-
1480 2194 1517 2237 εἴ
1550 2211 1610 2243 τις
1644 2194 1782 2251 ἄρχων

207 2260 367 2313 ἄκριτον
411 2259 673 2313 ἐκκεκηρύχει
718 2260 887 2308 πολίτην
931 2262 1025 2302 κατ’
1060 2263 1185 2303 αὐτοῦ
1220 2263 1377 2305 διδόντα
1411 2266 1534 2317 κρίσιν
1567 2269 1621 2321 τῷ
1654 2268 1781 2323 δήμῳ.

206 2329 436 2375 Petebatur
482 2334 557 2373 hac
603 2331 698 2387 lege
741 2330 972 2386 Popillius:
1019 2329 1129 2378 οὗτος
1175 2333 1256 2386 γὰρ
1301 2341 1651 2382 ΟΤΡΛΤΗΓΩΝ
1690 2341 1782 2389 τοὺς

206 2406 276 2445 τοῦ
320 2403 510 2455 Τιβερίου
547 2403 694 2453 φίλους
738 2401 979 2454 ἐξεκήρυξεν.
1026 2405 1093 2444 ux}
1138 2405 1358 2453 Ποπίλλιος
1404 2408 1484 2460 οὐχ
1524 2408 1678 2458 ὑποςοὶς
1711 2412 1783 2460 τὴν

208 2474 333 2524 κρίσιν
378 2474 531 2524 ἔφυγεν
575 2472 618 2522 ἐξ
660 2473 861 2517 Ἰτοιλίοις.
925 2473 1057 2529 Fugit
1088 2477 1194 2517 ratio
1226 2476 1506 2521 Plutarchum
1540 2495 1671 2536 quum
1705 2483 1784 2525 Po—

206 2544 377 2600 pillium
402 2548 622 2597 praetorem
655 2544 976 2598 (ςρκτηγοῦντοι)
1013 2546 1212 2594 scriberet
1243 2546 1402 2590 Tiberii
1434 2553 1582 2593 amicis
1624 2553 1785 2595 indem-

207 2617 317 2657 natis
349 2628 456 2669 aqua
487 2619 529 2655 et
560 2615 653 2669 igni
684 2615 974 2656 interdixisse:
1011 2629 1162 2671 nempe
1193 2617 1271 2660 hoc
1303 2625 1365 2661 est
1397 2621 1664 2673 ἐκκηρύττειν.
1713 2624 1787 2666 Sa-

207 2688 263 2727 tis
305 2687 417 2726 enim
461 2689 622 2726 constat
664 2684 897 2739 Popillium
941 2683 1147 2728 Consulem
1179 2689 1404 2732 crudeliter
1434 2693 1478 2733 in
1507 2692 1571 2734 Ti.
1605 2691 1785 2736 Gracchi

210 2757 367 2798 amicos
410 2756 621 2797 saeviisse.
688 2755 882 2797 Tiberius
925 2758 1038 2798 enim
1084 2771 1190 2801 anno
1238 2759 1321 2802 133
1356 2766 1533 2804 exeunte
1567 2777 1786 2819 oppressus

210 2830 273 2869 est
304 2830 344 2867 et
374 2828 474 2868 novi
507 2824 709 2868 Consules
740 2826 950 2881 Popillius
982 2831 1024 2870 et
1053 2827 1254 2884 Rupilius
1283 2831 1357 2873 has
1384 2835 1647 2887 quaestiones
1673 2849 1787 2878 exer-

211 2902 408 2952 cuerunt,
443 2901 490 2938 ut
524 2900 694 2952 apparet
730 2911 779 2938 ex
813 2897 1012 2941 Cicerone
1044 2900 1092 2940 de
1117 2901 1295 2942 amicitia
1330 2901 1399 2944 11.
1435 2901 1506 2950 37.
