1946 3298
977 180 1063 225 242

233 314 376 352 καλεῖν
419 308 484 351 ἐπὶ
529 307 706 359 ξένια,
751 307 823 351 sed
865 308 1023 351 scribae
1056 307 1287 350 sexcenties
1319 311 1394 351 aut
1425 307 1536 364 ξενία
1569 310 1643 351 aut
1671 305 1808 357 ξενίαν

232 381 520 435 substituunt,
564 393 669 436 quae
710 379 881 435 perinde
926 382 1024 422 sunt
1064 380 1230 422 vitiosa.
1295 377 1444 422 Solum
1477 379 1542 422 ἐπὶ
1574 378 1682 429 ξένια
1716 393 1807 435 pro-

233 452 334 494 bum
367 466 454 495 esse
487 451 776 493 demonstrant
805 450 887 493 loci
919 451 994 492 ubi
1027 449 1082 491 τα
1113 448 1250 499 ξένια,
1285 454 1369 496 τοῖς
1402 448 1542 499 ξενίοις
1575 464 1672 492 eum
1710 451 1808 492 arti-

235 523 328 566 culo
372 523 569 564 dicuntur
613 525 654 563 et
695 521 1013 578 Inscriptiones,
1059 522 1104 563 in
1139 520 1292 576 quibus
1324 526 1667 566 ΚΑΛΕΙΝΕΠΙΞ
1675 526 1806 564 eNIA

233 594 477 650 saepissime
506 593 680 650 legitur.

292 736 384 778 Lib.
429 733 546 776 XIII.
591 732 660 775 99.
696 731 736 775 3.
770 737 845 775 τῶν
879 732 912 774 δ’
947 730 1084 774 ἄλλων
1120 732 1247 788 (νεῶν)
1279 732 1355 780 τοὶς
1390 733 1463 783 μὲν
1498 737 1578 780 τοῖς
1613 732 1804 784 ἐμβόλοις

230 806 395 850 τύπτων
428 803 584 852 ἄπλους
619 804 766 852 ἐποίει,
801 808 876 845 τῶν
910 803 950 846 δὲ
984 804 1076 850 τοὺς
1108 803 1352 855 ταρσοὺς**
1381 803 1584 856 άχρήςους
1610 805 1805 847 ἀπετέλει

232 879 327 931 πρὸς
360 877 431 925 την
464 875 624 929 μάχην.
687 874 1005 931 Supplendum:
1039 874 1130 921 τοὺς
1164 874 1335 927 ταρσοὺς
1372 873 1646 931 (παρασύρων)
1678 875 1807 928 άχρη-

234 965 324 996 ςους
368 946 586 996 άπετέλει,
628 960 810 1002 namque
851 947 1049 1000 deterqere
1088 961 1209 988 remos
1245 944 1403 989 Graece
1435 946 1591 988 dicitur
1622 945 1807 999 παρασύ-

232 1035 308 1073 ρειν
349 1019 440 1065 τοὺς
483 1017 668 1070 ταρσούς.
733 1016 992 1059 simillimus
1031 1016 1148 1059 locus
1193 1019 1255 1059 est
1296 1016 1374 1060 XI.
1421 1016 1490 1059 18.
1539 1016 1579 1059 6.
1620 1017 1698 1063 τοὶς
1733 1018 1806 1068 μὲν

231 1097 313 1139 τοῖς
348 1089 538 1141 ἐμβόλοις
572 1087 768 1138 ἔτυπτον,
803 1086 851 1129 ὧν
885 1088 926 1129 δὲ
956 1087 1048 1135 τοὺς
1082 1087 1252 1140 ταρσοὺς
1287 1086 1521 1140 παρέσυρον.
1553 1089 1629 1130 ubi
1656 1089 1701 1130 in
1717 1103 1806 1145 sqq.

230 1161 480 1220 legendum:
515 1159 668 1202 πολλαὶ
702 1163 778 1201 τῶν
812 1163 974 1211 Περσῶν
1006 1159 1171 1212 τριήρεις
1204 1158 1388 1210 πλάγιαι
1421 1158 1639 1210 γενόμεναι
1671 1165 1808 1202 TOIC

229 1233 461 1285 ἐμβόλΟΙΟ
495 1230 665 1288 (rostris)
700 1230 1089 1282 κατετιτρώσκοντο,
1122 1243 1196 1285 pro
1229 1234 1322 1276 ταῖς
1356 1230 1575 1280 ἐμβολαῖς.

295 1375 390 1417 Lib.
434 1372 554 1415 XIII.
603 1370 700 1413 106.
740 1369 780 1412 9.
815 1370 864 1412 de
896 1368 1076 1427 Gylippi
1107 1370 1242 1412 furto:
1276 1368 1383 1418 ἔντος
1419 1370 1459 1412 δὲ
1492 1374 1562 1413 τοῦ
1593 1373 1808 1425 χρήματος

237 1448 274 1489 ἐν
309 1446 461 1491 σακίοις
496 1443 563 1486 καὶ
598 1443 746 1485 τούτων
781 1441 943 1494 ἔχοντος
978 1439 1366 1490 ἑκάςουσκυτάλην
1399 1441 1595 1496 [ἔχουσαν
1628 1444 1699 1491 την
1728 1445 1811 1486 ε’πι-

234 1518 419 1572 γραφὴν]
465 1517 508 1558 τὸ
554 1515 702 1562 πλῆθος
747 1517 815 1556 τοῦ
847 1514 1062 1565 χρήματος
1097 1513 1310 1561 δηλοῦσαν.
1373 1512 1566 1556 Stultum
1599 1514 1810 1557 emblema

232 1589 375 1639 vides;
409 1600 592 1643 namque
626 1587 646 1635 ἦ
680 1584 866 1634 σκυτάλη
900 1586 992 1640 ipsa
1026 1588 1087 1627 est
1122 1585 1142 1633 ἡ
1177 1584 1407 1637 ἐπιγραφή.

292 1728 387 1770 Lib.
434 1726 551 1769 XIII.
588 1725 688 1768 108.
722 1725 764 1768 2.
797 1729 874 1767 τῶν
908 1725 941 1767 δ’
976 1725 1083 1776 ἱερῶν
1116 1721 1191 1766 ὅσα
1225 1725 1282 1774 μη
1316 1728 1493 1771 καλῶς
1524 1724 1599 1766 ὑπὸ
1633 1728 1702 1768 τοῦ
1737 1742 1810 1768 πυ-

234 1801 294 1853 ρὸς
340 1798 463 1841 ἐδόκει
507 1797 768 1851 διεφθάρθαι,
812 1810 886 1852 pro
927 1796 1105 1839 absurdo
1147 1799 1282 1842 καλῶς
1313 1796 1623 1839 res'tituendum
1655 1801 1717 1840 est
1748 1814 1811 1839 τε-

232 1871 347 1918 λέως.
392 1873 441 1911 ut
483 1867 598 1911 XIV.
644 1866 715 1909 28.
763 1867 802 1910 5.
848 1867 916 1909 καὶ
955 1867 1103 1914 τελέως
1137 1866 1187 1909 ἂν
1219 1864 1402 1914 ἅπαντες
1436 1867 1734 1921 διεφθάρησαν,
1769 1872 1811 1911 eb

231 1943 390 1999 passim
422 1942 466 1982 in
498 1954 543 1982 re
576 1939 721 1981 simili.

290 2082 383 2124 Lib.
417 2081 533 2124 XIV.
569 2080 638 2123 30.
674 2079 714 2121 3.
748 2079 814 2121 Διὶ
848 2078 1021 2132 σωτηρίῳ
1055 2078 1194 2120 θυσίαν
1228 2077 1434 2126 ἐποίησαν.
1498 2078 1603 2136 Leg.
1637 2085 1810 2135 σωτῆρΙ,

231 2157 273 2196 et
313 2155 358 2195 in
393 2154 573 2196 vicinia:
609 2151 746 2203 ἔλεγε
778 2150 860 2203 γὰρ
894 2147 993 2192 εἷναι
1026 2150 1148 2203 φίλος
1182 2147 1432 2202 Ἀναξιβίῳ,
1466 2163 1540 2205 pro
1575 2149 1808 2201 ἐλέγΕΤΟ.

289 2293 384 2335 Lib.
429 2291 546 2335 XIV.
592 2291 660 2334 36.
707 2290 746 2333 2.
795 2291 812 2332 ὃ
845 2289 884 2332 δὲ
919 2289 1214 2342 Θίβρων-ἔκ
1247 2306 1294 2332 τε
1326 2293 1402 2332 τῶν
1433 2291 1618 2332 ἸΔΙΩΝ
1655 2290 1810 2333 πόλεων

231 2364 298 2406 καὶ
332 2368 408 2406 τῶν
438 2363 574 2405 ἄλλων
608 2364 656 2410 ὡς
690 2362 915 2416 δισχιλίους
949 2360 1249 2414 καταγράψας.
1313 2360 1465 2403 Risum
1503 2364 1648 2405 movet
1681 2362 1809 2411 ἰδίων,

229 2435 410 2479 rescribe
443 2435 602 2476 Ἰάδων.

290 2576 386 2619 Lib.
431 2573 545 2617 XIV.
590 2573 661 2615 40.
707 2573 746 2615 1.
783 2577 866 2620 τοῖς
902 2572 942 2615 δὲ
975 2572 1168 2624 Ῥηγίνοις
1203 2576 1273 2615 τοῦ
1308 2574 1433 2615 αὐτοῦ
1467 2572 1691 2627 μετέχουσι
1726 2580 1809 2621 τοῖς

234 2644 504 2700 ἠτυχηκόσιν,
537 2644 705 2700 supple:
740 2648 809 2686 τοῦ
844 2645 969 2687 αὐτοῦ
1003 2650 1228 2686 ΓΕΝΟΊὊ
1261 2643 1513 2698 μετέχουσι.’

293 2787 388 2829 Lib·
432 2783 546 2827 XIV.
591 2783 662 2826 42.
699 2783 738 2825 5.
774 2781 963 2836 ᾠκοδόμει
997 2783 1036 2825 δὲ
1070 2782 1137 2825 καὶ
1171 2783 1407 2840 (Dionysius
1440 2786 1661 2837 Syracusis)
1695 2801 1809 2827 νεωσ-

234 2858 360 2905 οίκους
404 2861 644 2902 πολυτελεῖς
689 2855 823 2906 κύκλῳ
865 2858 933 2896 τοῦ
979 2859 1045 2896 νῦν
1093 2854 1423 2904 καλουμένου**
1464 2855 1638 2907 λιμένος.
1702 2855 1811 2913 Sup-

232 2928 458 2985 plendum:
494 2924 741 2977 καλουμένου
775 2931 1052 2968 ΜΕΓΑΛΟΤ
1088 2924 1263 2976 λιμένος.
