1946 3298
940 143 1026 185 585

202 280 324 306 κοντα
358 266 532 315 γεγονὼς
567 267 642 319 ἀφ’
677 266 779 317 ἥβης
815 268 882 309 uxi
911 269 1102 320 ςροετείοις
1131 269 1234 321 ἔχων
1261 270 1409 324 ἄφεσιν
1439 273 1512 315 ὑπὸ
1538 279 1614 316 τῶν
1645 276 1769 325 νόμων

202 335 335 387 ἔφυγε
379 337 450 384 την
493 338 684 389 ςρκτείοιν
731 341 856 392 (recte
897 338 1133 394 Stephanus
1175 342 1423 400 ςροιτηγίοιν)
1455 344 1633 400 ταύτην,
1667 361 1772 401 quae

201 410 343 448 sumta
374 412 471 448 sunt
503 421 552 448 ex
585 408 802 450 Hellenicis
834 408 883 451 V.
918 410 959 450 4.
995 409 1062 451 13.
1096 412 1348 460 Ἀγησίλαος
1382 413 1513 464 λέγων
1546 414 1603 457 ὅτι
1647 417 1771 467 ὑπὲρ

200 478 508 528 τετταράκοντα
551 479 628 530 ἀφ’
674 477 776 529 ἥβης
820 479 878 527 εἴη
923 480 990 520 καὶ
1023 478 1151 532 ὥσπερ
1184 487 1265 527 τοῖς
1298 482 1438 530 ἄλλοις
1473 490 1555 531 τοῖς
1588 488 1772 533 τηλικού-

202 563 281 592 τοις
315 548 446 589 οὐκέτι
478 549 642 599 οἶνοὲγκη
677 548 734 596 εἴη
768 554 841 596 τῆς
874 551 1024 592 ἑαυτῶν
1057 550 1130 599 ἔξω
1164 553 1455 605 emendarem,
1492 555 1590 598 οὕτω
1623 558 1667 604 δη
1703 559 1771 599 uoci

200 617 420 667 βασιλεῦσι
463 621 528 660 τὸν
574 620 695 660 αὑτὸν
737 619 851 668 νόμον
898 618 999 662 εἶναι
1048 622 1277 665 ἀπεδείκνυ.
1341 623 1514 674 Spartae
1562 629 1675 668 enim
1724 634 1772 670 ut

199 687 358 730 Roma-e
396 692 654 744 seamyemrrio
695 692 829 730 maior
871 691 1037 732 habebat
1076 692 1246 734 militiae
1277 697 1521 737 vacationem
1553 702 1594 738 et
1625 699 1773 754 Agesi-

208 758 301 800 laus
332 758 406 800 illo
439 763 625 813 tempore
660 773 785 801 annos
817 760 970 801 LXIII.
1005 766 1091 803 erat
1123 767 1244 804 natus
1279 764 1563 821 (441—378).

264 829 526 884 Quicumque
568 829 669 871 belli
706 831 756 871 ab
790 830 986 886 Agesilao
1018 833 1062 872 in
1096 834 1290 889 Aegypto
1322 838 1433 890 gesti
1464 836 1683 879 historiam
1716 839 1776 880 di-

201 900 382 955 ligenter
425 901 667 956 cognoverit
708 913 789 941 non
826 902 914 941 sine
946 901 1235 957 indignatione
1268 904 1381 960 leget
1414 907 1629 949 mendacia
1662 910 1772 963 eius,

205 971 276 1024 qui
309 970 385 1011 sub
414 970 703 1024 Xenophontis
735 972 902 1012 nomine
930 970 1063 1012 latens
1090 971 1274 1027 Ayesz'laz'
1300 975 1542 1018 Encomium
1570 981 1774 1034 conscrip-

200 1042 255 1082 sit
299 1040 350 1081 II.
397 1040 465 1082 30.
529 1040 644 1081 Idem
677 1041 902 1082 mirabitur
932 1041 1106 1084 Diodori
1139 1042 1273 1086 Siculi
1300 1046 1607 1103 negligentiam
1641 1054 1682 1090 et
1711 1064 1774 1092 so-

200 1110 383 1152 cordiam
428 1110 604 1152 mirifice
649 1113 790 1153 omnia
828 1112 1116 1154 confundentis
1146 1114 1239 1156 XV.
1274 1115 1345 1158 95.
1382 1118 1455 1158 ubi
1487 1119 1583 1161 vide
1616 1119 1773 1162 wesse-

199 1181 325 1237 lingii
356 1185 511 1223 notam.

262 1251 515 1293 Plutarchus
573 1253 616 1293 in
673 1255 844 1295 caeteris
902 1253 1194 1309 Xenophontis
1246 1257 1453 1300 Helleozica
1503 1262 1774 1314 potissimum

201 1324 413 1377 sequitur,
452 1324 497 1363 in
537 1324 590 1363 iis
633 1337 737 1377 quae
777 1328 870 1378 post
902 1325 1109 1379 proelium
1143 1326 1193 1368 ad
1226 1327 1489 1371 Mantineam
1521 1335 1640 1386 gesta
1678 1336 1776 1373 sunt

201 1394 519 1448 Theopompum
567 1397 778 1435 auctorem
825 1394 963 1436 habet.
1026 1395 1262 1453 Diligenter
1302 1403 1443 1441 autem
1475 1400 1657 1456 Ayesilaz'
1687 1404 1775 1444 En-

201 1466 373 1506 eomium
412 1463 647 1512 lectitavit,
693 1464 802 1518 quod
839 1465 890 1506 ab
921 1467 1011 1520 ipso
1041 1466 1316 1522 Xenophonte
1350 1473 1630 1525 compositum
1663 1487 1773 1522 esse,

201 1539 249 1576 ut
293 1537 452 1576 veteres
495 1548 661 1588 omnes,
697 1535 957 1589 opinabatur.
1012 1535 1155 1578 Cicero
1191 1539 1241 1580 ad
1271 1539 1485 1581 anz'liar.
1523 1542 1569 1583 V.
1619 1544 1686 1585 12.
1734 1546 1771 1588 7.

202 1606 417 1661 Ayesilaas
459 1620 582 1660 meque
606 1607 763 1661 pictam
795 1621 918 1661 neque
940 1607 1088 1662 fictam
1121 1610 1336 1663 z'maqz‘fnem
1368 1627 1485 1652 suam
1527 1630 1677 1669 passus
1718 1625 1775 1657 est

200 1692 278 1718 esse
322 1677 493 1728 (ἀπεῖπε
537 1677 643 1725 μήτε
688 1677 856 1719 πλκςοὶν
901 1679 1008 1725 μήτε
1055 1680 1244 1728 μιμηλάν
1288 1697 1377 1722 τινα
1422 1684 1664 1731 ποιήσαιο-θαι
1703 1690 1773 1728 τοῦ

201 1747 390 1797 σώματος
438 1745 583 1787 εἰκόνα.
663 1745 879 1788 Plutarch.
927 1746 967 1788 2.
1020 1748 1086 1789 15.
1144 1763 1193 1791 ex
1249 1751 1393 1793 eodem
1450 1753 1584 1804 fonte,
1643 1755 1776 1799 Theo-

199 1819 385 1873 pompo).
474 1816 587 1857 Unus·
645 1825 779 1857 autem
835 1817 1114 1874 Xenophontis
1172 1821 1324 1862 libellus
1382 1825 1421 1864 2⁸71
1469 1840 1511 1866 eo
1555 1841 1642 1881 reae
1689 1828 1775 1868 lau-

202 1890 336 1929 dando
370 1887 496 1942 facile
535 1902 669 1928 omues
701 1889 895 1942 imayz‘nes
927 1891 1107 1930 omnium
1137 1899 1370 1947 statuasque
1401 1899 1618 1951 superavit.
1685 1900 1776 1939 Pri-

201 1972 297 1999 mus
344 1959 535 1998 omnium
583 1957 884 1999 Valckenarius
931 1959 999 2012 (ad
1048 1958 1202 2002 Herod.
1244 1961 1316 2002 III.
1365 1963 1449 2004 134
1492 1969 1533 2006 et
1574 1965 1648 2008 IX.
1698 1968 1773 2023 27)

200 2027 412 2070 intellexit
443 2041 525 2069 non
558 2041 645 2069 esse
676 2028 967 2083 Xenophontis
1001 2030 1159 2071 {crudem
1191 2031 1396 2086 Ayesilai‚
1432 2035 1502 2076 sed
1530 2050 1553 2077 a
1580 2035 1776 2093 Sophista

201 2100 338 2140 nescio
371 2111 451 2152 quo
482 2100 755 2153 suppositam.
805 2097 1044 2156 Collegerat
1075 2101 1153 2142 hoc
1182 2115 1232 2142 ex
1264 2105 1448 2146 oratione
1476 2109 1517 2146 et
1544 2106 1642 2149 stilo
1671 2109 1776 2151 cala-

201 2169 362 2209 mistris
402 2170 543 2210 inusto
590 2172 630 2209 et
674 2183 698 2210 a
739 2169 1044 2223 Xenophontea
1075 2171 1349 2225 simplicitate
1380 2174 1564 2217 multum
1597 2177 1773 2222 diverso.

200 2239 318 2281 Dabo
351 2238 466 2280 aliud
500 2243 798 2294 argumentum
831 2239 1044 2294 aliquanto
1076 2243 1216 2297 magis
1243 2243 1547 2288 ἀναντίλεκτον.
1598 2248 1777 2305 Legitur

199 2312 245 2352 in
289 2309 478 2364 Ayesilao
526 2309 559 2350 I.
611 2308 649 2351 6.
703 2311 955 2359 Ἀγησίλαος
1000 2311 1128 2353 τοίνυν
1167 2315 1283 2354 ’‘GTI
1329 2321 1452 2357 ΜΕΝ
1485 2322 1637 2360 ΝΕΟΟ
1663 2318 1774 2363 ’ΧΩΝ

203 2379 328 2433 ἔτυχε
363 2386 433 2428 τῆς
467 2380 712 2431 fixo-melaac,
747 2380 837 2432 ἄρτι
873 2381 912 2422 δὲ
944 2381 1050 2427 ὄντος
1084 2384 1209 2425 αὐτοῦ
1244 2385 1283 2426 ἐν
1316 2392 1364 2438 τῇ
1398 2387 1508 2440 ἀρχῇ
1544 2387 1776 2440 ἐξηγγέλθη

202 2450 403 2501 βασιλεὺς
445 2451 462 2492 ὁ
505 2455 663 2501 Περσῶν
706 2451 890 2503 ἀθροίζων
928 2478 981 2483 —
1015 2452 1229 2504 ςροέτευμοι
1265 2481 1317 2486 -
1354 2457 1419 2498 ἐπὶ
1460 2459 1531 2506 την
1572 2461 1776 2505 Ἑλλάδα.

201 2521 294 2564 Ain'
335 2519 460 2563 vero?
504 2520 560 2563 ἔτι
604 2522 684 2568 νέος
717 2522 781 2564 ὤν.
843 2523 1067 2579 Agesilaus
1101 2536 1204 2567 rans
1235 2538 1287 2567 ΕΤ
1320 2538 1618 2575 QUADRAGmrA
1650 2545 1778 2575 annos

202 2595 325 2634 natus
358 2606 536 2648 regnum
568 2592 743 2647 adeptus
776 2596 837 2634 est
872 2593 1143 2651 (441—398)
1181 2605 1221 2637 et
1254 2610 1383 2651 quum
1416 2599 1460 2639 in
1491 2600 1637 2642 Asiam
1662 2603 1779 2644 venit

203 2667 245 2705 et
287 2677 384 2704 cum
428 2662 705 2717 Xenophonte
750 2663 984 2705 amicitiam
1016 2666 1233 2707 coniunxit
1265 2671 1388 2719 (anno
1422 2667 1525 2723 396)
1559 2675 1647 2712 erat
1680 2684 1776 2720 QUA-

202 2745 420 2774 DRAGINTA
462 2745 514 2774 ΕΤ
558 2744 739 2780 QUINQUE
773 2747 991 2775 annorum.
1057 2734 1158 2786 Quis
1191 2738 1326 2793 igitur
1357 2752 1480 2780 sanus
1510 2742 1554 2781 in
1586 2743 1778 2784 animum

200 2803 396 2845 inducere
437 2804 590 2858 poterit
622 2803 946 2858 Xenophontem
978 2806 1119 2860 ipsum
1154 2808 1389 2862 scripsisse:
1425 2807 1483 2849 ἔτι
1513 2810 1592 2857 νέος
1622 2812 1670 2853 Ξὺν
1704 2819 1775 2861 τῆς

153 2869 157 2872 ’
202 2875 425 2926 βασιλείοις
466 2871 643 2927 ἔτυχενῗ
690 2873 859 2917 Habent
892 2875 969 2918 hoc
1003 2880 1148 2919 exacta
1179 2882 1315 2921 aetate
1348 2893 1487 2932 senes,
1524 2884 1572 2923 ut
1605 2895 1672 2925 eos
1704 2885 1779 2939 qui
