1946 3298
898 132 980 180 311

151 262 454 315 perverterunt.
502 261 675 303 Editur:
713 263 902 313 -ἐνέβη
937 264 1004 304 καὶ
1038 271 1165 316 σιωπῇ
1201 263 1402 316 ἐκάθισεν,
1437 260 1528 305 ἔνθα
1559 261 1723 313 μάλιςα

154 332 221 372 οὐκ
252 331 425 379 ἔμελλεν
460 335 596 377 αὐτοῖς
633 333 817 381 ἐμπόδιος
853 333 1011 375 ἔσεσθαι
1047 336 1369 383 ναυτιλλομένοις
1402 336 1496 384 παρ’
1531 333 1617 376 ἕλον
1656 335 1721 376 τὸν

151 405 301 455 πλοῦν,
347 403 412 452 ἐφ’
458 402 537 448 ἑνός
583 419 627 444 τε
672 404 738 444 καὶ
772 407 840 444 τοῦ
873 405 998 445 αὐτοῦ
1029 405 1247 456 σχήματος
1281 404 1494 458 διέμεινεν,
1528 419 1631 459 quae
1664 407 1722 447 sie

150 471 438 513 constituenda
463 476 580 513 sunt:
601 498 654 503 —
674 473 853 515 ἐκάθισεν
880 473 970 515 ἔνθα
992 474 1156 525 μάλιςα
1176 500 1228 505 -
1249 474 1573 525 ναυτιλλομένοις
1594 476 1723 531 (ΚΑΙ)

150 542 245 593 παρ’
278 537 366 582 ἕλον
398 543 464 583 τὸν
498 546 623 584 πλοῦν
656 544 721 596 ἐφ’
755 545 834 590 ἑνὸς
856 571 907 576 —
927 546 1146 597 σχήματος
1180 544 1381 595 διέμεινεν.

208 679 255 720 In
287 680 308 734 ᾖ
345 680 411 722 16.
445 681 511 722 τὸν
545 681 783 733 πρόσλοιπον
815 683 1144 736 εὐφημότατΟΝ
1177 687 1302 725 πλοῦν
1337 683 1582 733 διεὲήνυσαν.
1643 683 1722 738 Op-

148 752 252 792 time
293 750 338 792 F.
380 752 677 804 εὐφημότατΑ.
744 754 837 796 Non
870 757 958 796 erat
990 755 1102 795 enim
1135 754 1151 794 ὁ
1185 757 1309 801 πλοῦς
1344 755 1550 807 εὔφημος,
1587 754 1657 795 sed
1689 754 1722 794 οἱ

149 820 351 867 πλέοντες.

209 891 461 946 Saepissime
493 894 537 933 in
568 893 724 934 talibus
758 891 929 936 Codices
961 894 1137 936 ultimas
1168 894 1312 936 literas
1345 896 1572 948 omittunt,
1605 898 1653 936 ut
1680 897 1724 936 in

148 966 171 1020 ξ
203 964 259 1006 22
292 967 603 1017 φιλοτιμότατα
636 966 704 1007 καὶ
739 968 961 1013 σπουδαίως
995 970 1039 1008 in
1071 969 1117 1009 F.
1152 968 1311 1024 legitur
1339 955 1565 1019 φιλοτιμῖτ,
1595 972 1636 1010 et
1665 970 1724 1010 sio

148 1037 318 1090 passim.
374 1035 520 1091 Itaque
552 1040 742 1079 nostrum
776 1042 838 1079 est
869 1038 1024 1093 ubique
1056 1040 1307 1080 constituere
1334 1041 1440 1080 sitne
1467 1039 1723 1081 adieetivum

148 1120 200 1148 an
242 1106 489 1148 adverbium
533 1122 585 1149 an
622 1121 794 1154 nomen,
833 1111 1031 1163 quoniam
1068 1108 1347 1159 βεβαιότατος
1382 1113 1424 1151 et
1455 1109 1722 1160 βεβαιότατα

149 1179 190 1218 et
220 1176 485 1227 βεβαιότητα
521 1179 647 1220 eodem
678 1178 803 1220 modo
837 1180 1089 1221 scribuntur.

208 1315 256 1357 In
289 1316 311 1369 ξ
346 1315 415 1359 17.
448 1315 572 1367 μέχρι
605 1321 676 1363 τῆς
710 1316 998 1369 εὖτυχεςάτης
1031 1318 1253 1369 συμβάσης
1280 1319 1417 1365 αὐτοῖς
1444 1319 1512 1360 καὶ
1539 1320 1723 1370 άκυμάν-

149 1403 218 1428 του
261 1392 540 1428 ΠΑΡΟΔΟΝ
583 1388 638 1433 εἷς
684 1389 753 1436 τὴν
791 1389 1029 1439 Αἰγυπτίαν
1060 1388 1155 1443 ᾐόνα
1189 1391 1257 1430 τοῦ
1292 1390 1475 1441 σκάφους
1511 1396 1726 1442 προσοχῆς.

148 1457 230 1500 Pro
263 1458 436 1509 παρόδου
469 1457 736 1500 Florentinus
769 1458 936 1510 πάροδον
969 1460 1108 1501 habet.
1155 1459 1341 1514 Utraque
1372 1460 1496 1501 lectio
1527 1462 1726 1503 mendosa

150 1532 224 1570 est.
287 1528 589 1584 Reponendum
633 1543 718 1570 esse
762 1530 961 1571 arbitror:
1001 1530 1069 1571 καὶ
1103 1530 1340 1580 άκυμάντου
1375 1532 1471 1581 παρ’
1504 1529 1606 1573 ἕΛον
1642 1531 1725 1587 (τὸν

149 1598 291 1654 πλοῦν)
336 1600 391 1645 εἷς
433 1599 504 1646 την
550 1599 789 1649 Αἰγυπτίαν
831 1599 949 1653 ᾐόνα,
991 1604 1039 1641 ut
1078 1614 1202 1656 supra
1243 1601 1265 1654 ξ
1310 1599 1377 1642 13.
1413 1603 1507 1653 παρ’
1538 1599 1626 1643 ὅλον
1657 1604 1724 1644 τὸν

150 1673 275 1712 πλοῦν
307 1670 373 1723 ἐφ’
407 1670 487 1717 ἐνὸς
522 1671 740 1721 σχήματος
775 1670 982 1721 διέμεινεν.

207 1810 256 1852 In
287 1811 309 1865 ξ
345 1808 412 1851 17.
446 1809 711 1866 Pythagoras
743 1811 957 1865 expositus
983 1811 1027 1850 in
1054 1809 1197 1852 littore
1226 1811 1413 1867 Aegypti
1440 1812 1604 1854 refectis
1632 1814 1723 1856 cibo

148 1882 310 1924 Viribus
354 1881 408 1926 εἷς
450 1882 525 1926 τας
573 1881 702 1930 ἐγγὺς
742 1880 902 1922 διέσωσε
943 1881 1156 1927 συνοικίας.
1219 1881 1446 1924 Manifesto
1477 1884 1726 1925 mendosum

150 1956 212 1995 est
255 1951 431 1993 διέσωσε.
496 1949 735 1993 Coniioiunt
778 1951 992 2005 διεσώΘΗ,
1027 1951 1098 1993 sed
1130 1952 1369 1999 διασωθῆναι
1401 1953 1609 2007 frequenti
1640 1968 1725 1996 om-

148 2025 268 2065 nium
311 2036 390 2063 usu
423 2021 473 2063 de
504 2023 557 2063 iis
590 2022 745 2064 dicitur
778 2023 850 2077 qui
883 2036 933 2063 ex
964 2023 1171 2077 praesenti
1205 2023 1388 2077 periculo
1422 2023 1551 2079 elapsi
1582 2026 1625 2065 in
1655 2040 1726 2080 pa-

148 2095 297 2147 triam,
342 2095 415 2134 aut
456 2091 507 2133 ad
550 2105 667 2140 suos,
711 2096 784 2134 aut
824 2094 869 2133 in
911 2096 1055 2133 tutum
1099 2093 1274 2147 denique
1311 2094 1414 2134 salvi
1450 2099 1485 2135 ez}
1516 2095 1726 2137 incolumes

144 2167 426 2218 pervenerunt,
471 2162 580 2216 quod
617 2175 699 2204 non
731 2163 842 2204 cadit
872 2164 917 2203 in
950 2162 1267 2218 Pythagoram,
1300 2165 1371 2218 qui
1403 2166 1489 2206 sine
1521 2165 1609 2207 ullo
1643 2166 1723 2207 dis-

148 2235 322 2276 crimine
363 2247 413 2274 ex
455 2245 525 2273 ora
565 2234 694 2274 maris
734 2234 779 2273 in
819 2234 1011 2287 proxima
1054 2232 1295 2274 habitacula
1335 2248 1377 2275 se
1424 2237 1580 2290 recepit
1591 2249 1601 2286 ‚·
1651 2236 1721 2278 sed

146 2304 255 2346 nihil
286 2304 396 2359 quod
428 2302 643 2358 probabile
676 2306 783 2344 esset
815 2317 865 2344 ex
898 2301 1080 2343 διέσωσεν
1114 2302 1341 2344 extundere
1371 2307 1503 2358 potui.

207 2442 255 2484 In
302 2443 324 2497 ξ
373 2441 441 2485 1'7.
489 2441 810 2490 ἐπιΚΙνησαντ-ές
857 2458 902 2483 τε
948 2439 1035 2483 ὅσον
1083 2439 1193 2493 εἶχον
1239 2440 1468 2492 ἀκροδρύων.
1549 2444 1723 2489 Kusteri

149 2513 484 2556 emendationem
527 2512 789 2561 ε’πινησαντες
823 2512 869 2554 F.
904 2511 1181 2554 confirmavit.
1245 2511 1404 2554 Deinde
1436 2515 1556 2556 scrib.
1591 2515 1723 2559 ὅπΟΙ-

148 2601 222 2637 περ
255 2584 322 2626 καὶ
357 2583 557 2635 προέκειτο
592 2584 726 2630 αὐτοῖς
760 2583 776 2624 0‘
810 2586 937 2625 πλοῦς
969 2597 1043 2639 pro
1075 2581 1294 2634 δ’πΟΤπερ.

207 2723 255 2764 In
281 2724 303 2778 ξ
331 2720 400 2763 18.
429 2723 471 2763 οὐ
499 2721 763 2773 παραλείπων
791 2721 881 2763 οὔτε
910 2722 1208 2764 οὶκούσΑΟΘΑΙ
1228 2747 1284 2753 —-
1302 2723 1393 2764 οὔτε
1411 2721 1533 2774 ἄνδρα
1554 2750 1608 2756 -
1627 2726 1718 2770 οὔτε

149 2793 330 2841 τελετήν.
394 2793 703 2834 Foedissimum
744 2793 947 2834 mendum
989 2796 1051 2834 est
1094 2792 1359 2834 οέκούσοισθαι.
1423 2793 1566 2835 Etiam
1611 2811 1721 2841 nunc

149 2862 213 2906 Fl.
242 2863 381 2906 lucem
412 2866 454 2905 et
484 2862 667 2906 salutem
700 2862 869 2914 attulit,
903 2864 948 2905 in
978 2877 1060 2918 quo
1092 2866 1154 2905 est
1185 2862 1277 2905 οὔτε
1309 2862 1536 2905 άκουσΜΑ.
1600 2866 1718 2911 Idem
