1946 3298
962 147 1048 191 314

214 280 392 329 παρεῖχε
424 277 478 328 τῷ
512 275 650 328 νεανία
680 273 908 326 τριώβολον.
971 272 1190 330 Kiessling
1221 275 1350 316 sensit
1381 273 1405 316 δ’
1432 276 1490 319 ἐςι
1518 276 1787 329 διαγράμμα-

212 364 276 393 τος
310 348 469 390 31161136
500 361 649 389 manus
682 359 768 388 esse
800 345 1149 386 additamentum.
1210 349 1370 398 Σχῆμα
1405 351 1466 388 6513
1497 362 1649 390 nomen
1681 352 1785 391 anti·

212 432 343 474 quum
377 424 418 461 et
450 418 709 471 obsoletum,
743 417 991 467 διαγραμμα
1023 415 1213 472 vulgare.

271 560 319 601 In
351 561 373 614 ἓ
404 559 474 601 23.
508 557 666 600 συνιδὼν
700 558 744 599 τὸ
777 556 1004 608 γΕνόμε-κον
1036 557 1053 597 5
1087 556 1211 608 σοφός
1231 581 1284 587 ——
1305 558 1446 599 πενιάν
1486 559 1783 609 ὑπετιμήσατο.

209 631 337 673 Recte
378 630 426 672 F.
468 631 512 671 τὸ
556 628 794 680 γῐνόμενον,
839 628 948 683 quod
992 627 1074 669 Ioci
1115 629 1322 669 sententia
1366 630 1554 683 requirit.
1615 634 1786 671 Ὓποτι-

209 703 367 751 μασθαι
399 714 472 756 pro
507 698 826 752 προφασίζεσθαι
861 698 1053 753 frequens
1081 702 1142 738 est
1168 698 1238 739 sed
1271 699 1381 754 apud
1409 701 1580 742 seriores
1608 703 1649 742 et
1677 701 1789 742 dete-

208 775 356 821 riores,
391 776 432 813 et
462 771 578 813 Iocus
607 771 652 811 in
684 783 764 825 quo
796 782 1015 811 versamur
1046 769 1096 810 ab
1129 769 1218 823 ipso
1249 769 1486 811 Iamblicho
1518 772 1698 826 scriptus
1725 775 1788 813 est

208 848 256 885 ut
296 845 450 886 vitiosa
492 845 533 883 et
571 841 725 896 loquax
761 841 892 882 oratio
926 841 1090 896 arguit,
1125 839 1260 882 veluti
1292 841 1362 881 οὐκ
1396 840 1445 882 ἂν
1479 842 1574 883 ἑκὼν
1606 843 1785 890 ἀποςαίή

208 915 293 956 οὐδὲ
337 914 585 964 ἀπόσχοιτο,
631 912 772 953 πενίαν
805 910 872 951 καὶ
907 911 1078 961 ἀπορίαν
1110 914 1186 951 τῶν
1219 910 1470 962 τριωβόλων,
1507 913 1560 958 εἷς
1595 912 1786 964 πορισμὸν

207 989 283 1027 τῶν
327 985 415 1025 καθ’
459 982 610 1034 ἡμέραν
653 982 890 1032 ἀναγκαίων
929 981 996 1022 καὶ
1031 987 1104 1029 τῆς
1138 982 1339 1034 ἐφημέρου
1373 986 1548 1036 τροφῆς,
1583 984 1782 1033 ἀνονήτοις

206 1056 594 1106 ματαιοπονήμασιν
623 1058 664 1096 613
698 1055 796 1096 sim.

266 1198 313 1239 In
345 1199 368 1252 ξ
401 1197 470 1239 24.
505 1196 620 1238 ἀλλα
654 1196 722 1237 καὶ
756 1194 878 1247 χωρὶς
914 1194 1064 1237 τούτων
1096 1190 1172 1241 οἷός
1200 1195 1253 1235 Τ’
1283 1195 1365 1245 εἰμὶ
1395 1195 1626 1245 μανθάνειν.
1674 1195 1787 1252 Lege

206 1266 282 1316 οἷός
315 1270 422 1319 εἰμι,
456 1268 500 1309 id
531 1271 593 1309 6513
625 1268 919 1319 προθυμοῦμαι.

266 1410 315 1451 111
355 1410 378 1459 ξ
420 1408 488 1450 24.
534 1407 646 1449 κατα
679 1406 761 1458 γαρ
793 1404 937 1450 ἕκαςον
970 1411 1122 1458 σχῆμα
1156 1405 1368 1456 τριώβολον
1404 1406 1551 1452 καύτός
1585 1421 1643 1446 σοι
1677 1407 1786 1447 ἀντι-

204 1481 377 1534 παρέξω.
413 1480 503 1522 (1616
533 1478 758 1521 molestam
788 1477 983 1533 copulam
1016 1481 1057 1520 et
1086 1476 1182 1533 Iege
1214 1477 1428 1530 τριώβολον
1460 1476 1597 1524 αὐτός.

262 1623 312 1664 In
343 1623 366 1677 ξ
397 1621 469 1664 25.
498 1620 671 1671 λέγεται
694 1644 743 1651 —
765 1620 1047 1669 θαυμασθῆναι
1079 1619 1200 1660 αὐτὸν
1235 1618 1321 1670 περὶ
1354 1619 1426 1665 τήν
1454 1624 1588 1667 Δῆλον
1615 1628 1784 1671 προσελ-

205 1695 322 1737 θόντα
369 1692 508 1749 [αὐτὸν
552 1691 652 1745 del]
697 1692 791 1743 πρὸς
824 1692 890 1732 τὸν
923 1690 1179 1739 ἀναίμακτον
1214 1687 1435 1739 λεγόμενον
1468 1689 1535 1730 καὶ
1569 1693 1638 1731 τοῦ
1671 1690 1783 1731 Γενέ-

202 1781 309 1817 τορος
353 1763 610 1809 ’Λπόλλωνος
657 1763 795 1813 βωμὸν
839 1762 906 1802 καὶ
950 1765 1089 1802 τοῦτον
1136 1760 1461 1811 θεραπεύσαντα.
1524 1760 1581 1801 Ε13
1628 1775 1692 1803 res
1741 1764 1782 1803 613

202 1837 333 1879 oratio
364 1834 539 1876 laborat.
587 1832 909 1875 Emendandum
943 1846 1029 1874 esse
1062 1832 1262 1873 arbitror:
1296 1831 1391 1882 πρὸς
1423 1830 1490 1872 τὸν
1525 1831 1780 1881 ἀναίμακτον

202 1906 422 1958 λεγόμενον
471 1904 556 1961 [καὶ
600 1903 700 1958 del]
741 1906 810 1945 τοῦ
844 1902 1046 1953 Γενέτορος
1080 1902 1338 1949 Ἀπόλλωνος
1369 1902 1510 1953 βωμὸν
1542 1902 1609 1943 καὶ
1643 1906 1782 1944 τοῦτον

200 1982 414 2020 MONON
459 1974 782 2027 θεραπεύσαντα.
827 1974 877 2015 cf.
920 1974 943 2029 ξ
986 1973 1052 2015 35.
1100 1971 1165 2015 ὅτε
1209 1973 1264 2018 εἷς
1310 1977 1443 2019 Δῆλον
1486 1973 1779 2015 κατέπλευσεν.

202 2051 286 2091 ἐκεῖ
321 2065 366 2090 τε
412 2047 494 2098 γὰρ
534 2046 629 2098 πρὸς
661 2044 778 2095 μόνον
811 2045 877 2086 τὸν
909 2044 1049 2095 βωμὸν
1082 2045 1148 2085 τὸν
1181 2046 1250 2084 τοῦ
1285 2042 1488 2095 Γενέτορος
1523 2045 1777 2091 Ἀπόλλωνος

201 2117 550 2171 προσευξάμενος,
597 2114 636 2164 ἓς
681 2115 797 2166 μόνος
839 2114 1096 2165 ἀναίμακτός
1141 2114 1246 2163 ἐςιν,
1283 2113 1517 2163 ε’θαυμοίσθή
1551 2115 1664 2167 παρα
1696 2120 1780 2162 τοῖς

200 2192 239 2232 ἐν
271 2197 319 2243 τῇ
355 2189 471 2240 νήσῳ.

259 2261 469 2316 Diogenes
512 2258 650 2300 Laert.
692 2256 805 2299 VIII.
843 2256 910 2298 13.
944 2260 1085 2298 narrat
1115 2256 1404 2312 Pythagoram
1436 2256 1576 2307 βωμὸν
1610 2272 1779 2308 προσκυ-

200 2337 317 2380 νῆσαι
362 2330 476 2381 μόνον
512 2330 550 2370 ἐν
583 2329 704 2381 Δήλῳ
737 2329 804 2370 τὸν
838 2328 1093 2374 ’Λπόλλωνος
1127 2331 1196 2369 τοῦ
1229 2326 1433 2379 Γενέτορος
1454 2353 1507 2358 -
1527 2327 1594 2369 δια
1626 2328 1670 2369 τὸ
1704 2344 1778 2369 πυ-

200 2402 284 2454 ροὺς
329 2400 395 2443 καὶ
442 2400 575 2452 κριθὰς
617 2399 684 2440 καὶ
729 2400 802 2454 (τα
845 2398 942 2456 del.)
989 2399 1156 2441 πόπανα
1200 2398 1306 2448 μόνα
1343 2398 1521 2440 τίθεσθαι
1554 2399 1619 2440 ἐπ’
1651 2399 1776 2441 αὐτοῦ

200 2472 295 2515 ἄνευ
329 2470 472 2523 πυρός,
507 2471 641 2522 ἱερεῖον
675 2469 714 2511 δὲ
748 2470 882 2520 μήδε’ν.

257 2542 375 2584 Haec
407 2543 546 2584 omnia
578 2555 627 2582 ex
660 2554 742 2583 uno
775 2545 815 2582 et
847 2540 992 2583 eodem
1025 2540 1138 2582 fonte
1171 2544 1406 2582 manarunt.
1457 2540 1521 2581 Ex
1548 2542 1601 2582 115
1634 2544 1777 2583 autem

197 2628 302 2670 quae
332 2613 540 2669 Diogenes
573 2612 767 2653 continuo
799 2611 979 2653 addidit:
1014 2610 1060 2657 ὥς
1095 2615 1218 2663 φησιν
1251 2611 1506 2662 Ἀριςοτέλής
1540 2612 1578 2652 ἐν
1613 2611 1773 2659 Δήλι’ων

199 2685 386 2737 πολιτεία
414 2682 534 2724 facile
562 2681 736 2738 colligas
763 2681 880 2723 1111115
907 2683 968 2723 161
993 2683 1189 2724 notitiam
1216 2681 1434 2723 Aristoteli
1456 2682 1609 2723 deberi.
1657 2681 1777 2733 Quod

198 2760 339 2798 autem
373 2755 503 2795 dixit:
537 2752 604 2793 τὸν
637 2752 774 2801 βωμὸν
807 2755 875 2793 τοῦ
909 2752 1164 2798 Ἀπόλλωνος
1198 2755 1266 2792 τοῦ
1303 2752 1529 2802 Γενέτορος,
1572 2749 1622 2798 ὅς
1666 2753 1776 2797 ε’ςιν

196 2826 416 2869 ὄπισθεν
448 2827 516 2865 τοῦ
551 2823 832 2875 κερατίνου,
868 2822 1083 2864 oculatum
1116 2826 1268 2864 testem
1300 2824 1452 2878 arguit.

255 2897 332 2939 Est
372 2896 501 2937 etiam
544 2894 652 2937 alius
693 2893 880 2936 eiusdem
921 2894 981 2935 rei
1022 2895 1142 2935 testis
1184 2896 1225 2935 et
1257 2897 1400 2935 auctor
1432 2892 1631 2937 Timaeus
1663 2895 1773 2951 apud
