<?xml version="1.0" encoding="UTF-8"?>
<!DOCTYPE html PUBLIC "-//W3C//DTD XHTML 1.0 Transitional//EN"
    "http://www.w3.org/TR/xhtml1/DTD/xhtml1-transitional.dtd">
<html xmlns="http://www.w3.org/1999/xhtml" xml:lang="en" lang="en">
 <head>
  <title>
</title>
<meta http-equiv="Content-Type" content="text/html;charset=utf-8" />
  <meta name='ocr-system' content='tesseract 3.04.00' />
  <meta name='ocr-capabilities' content='ocr_page ocr_carea ocr_par ocr_line ocrx_word'/>
</head>
<body>
  <div class='ocr_page' id='page_1' title='image "./collectaneacriti00cobeuoft_0552.png"; bbox 0 0 1946 3298; ppageno 0'>
   <div class='ocr_carea' id='block_1_1' title="bbox 1003 174 1090 217">
    <p class='ocr_par' dir='ltr' id='par_1_1' title="bbox 1003 174 1090 217">
     <span class='ocr_line' id='line_1_1' title="bbox 1003 174 1090 217; baseline 0.011 -1"><span class='ocrx_word' id='word_1_1' title='bbox 1003 174 1090 217; x_wconf 85' lang='lat'><em>534</em></span> 
     </span>
    </p>
   </div>
   <div class='ocr_carea' id='block_1_2' title="bbox 251 298 1829 496">
    <p class='ocr_par' dir='ltr' id='par_1_2' title="bbox 251 298 1829 496">
     <span class='ocr_line' id='line_1_2' title="bbox 251 298 1828 356; baseline -0.001 -15"><span class='ocrx_word' id='word_1_2' title='bbox 251 302 313 341; x_wconf 88' lang='lat' dir='ltr'><em>est</em></span> <span class='ocrx_word' id='word_1_3' title='bbox 355 298 488 355; x_wconf 75' lang='lat' dir='ltr'>(annis</span> <span class='ocrx_word' id='word_1_4' title='bbox 520 301 618 355; x_wconf 70' lang='lat' dir='ltr'><em>plus</em></span> <span class='ocrx_word' id='word_1_5' title='bbox 659 313 786 356; x_wconf 90' lang='lat' dir='ltr'>quam</span> <span class='ocrx_word' id='word_1_6' title='bbox 829 300 1005 341; x_wconf 70' lang='lat' dir='ltr'><em>ducentis</em></span> <span class='ocrx_word' id='word_1_7' title='bbox 1041 302 1135 342; x_wconf 83' lang='lat' dir='ltr'>ante</span> <span class='ocrx_word' id='word_1_8' title='bbox 1170 298 1390 341; x_wconf 86' lang='lat' dir='ltr'>victoriam</span> <span class='ocrx_word' id='word_1_9' title='bbox 1423 299 1690 341; x_wconf 74' lang='lat' dir='ltr'>Leuctricam</span> <span class='ocrx_word' id='word_1_10' title='bbox 1723 311 1828 340; x_wconf 92' lang='lat' dir='ltr'>anno</span> 
     </span>
     <span class='ocr_line' id='line_1_3' title="bbox 252 368 1829 425; baseline 0 -15"><span class='ocrx_word' id='word_1_11' title='bbox 252 368 356 425; x_wconf 86' lang='lat'>371)</span> <span class='ocrx_word' id='word_1_12' title='bbox 400 373 665 425; x_wconf 81' lang='lat' dir='ltr'>consequitur</span> <span class='ocrx_word' id='word_1_13' title='bbox 706 378 857 412; x_wconf 73' lang='lat' dir='ltr'><em>centum</em></span> <span class='ocrx_word' id='word_1_14' title='bbox 891 371 1168 425; x_wconf 71' lang='lat' dir='ltr'><em>propemodum</em></span> <span class='ocrx_word' id='word_1_15' title='bbox 1211 373 1326 410; x_wconf 73' lang='lat' dir='ltr'>annis</span> <span class='ocrx_word' id='word_1_16' title='bbox 1370 373 1464 411; x_wconf 85' lang='lat' dir='ltr'>ante</span> <span class='ocrx_word' id='word_1_17' title='bbox 1496 384 1589 412; x_wconf 87' lang='lat' dir='ltr'>eam</span> <span class='ocrx_word' id='word_1_18' title='bbox 1619 383 1709 412; x_wconf 88' lang='lat' dir='ltr'>rem</span> <span class='ocrx_word' id='word_1_19' title='bbox 1742 382 1829 410; x_wconf 86' lang='lat' dir='ltr'>esse</span> 
     </span>
     <span class='ocr_line' id='line_1_4' title="bbox 251 441 1609 496; baseline 0.001 -15"><span class='ocrx_word' id='word_1_20' title='bbox 251 444 415 496; x_wconf 80' lang='lat' dir='ltr'>gestam</span> <span class='ocrx_word' id='word_1_21' title='bbox 448 455 580 496; x_wconf 90' lang='lat' dir='ltr'>neque</span> <span class='ocrx_word' id='word_1_22' title='bbox 611 455 752 484; x_wconf 86' lang='lat' dir='ltr'>recens</span> <span class='ocrx_word' id='word_1_23' title='bbox 783 442 827 483; x_wconf 87' lang='lat' dir='ltr'><em>id</em></span> <span class='ocrx_word' id='word_1_24' title='bbox 863 441 1009 483; x_wconf 88' lang='lat' dir='ltr'>odium</span> <span class='ocrx_word' id='word_1_25' title='bbox 1044 444 1116 483; x_wconf 88' lang='lat' dir='ltr'><em>aut</em></span> <span class='ocrx_word' id='word_1_26' title='bbox 1147 443 1256 482; x_wconf 86' lang='lat' dir='ltr'>iram</span> <span class='ocrx_word' id='word_1_27' title='bbox 1289 453 1376 482; x_wconf 87' lang='lat' dir='ltr'>esse</span> <span class='ocrx_word' id='word_1_28' title='bbox 1407 442 1609 495; x_wconf 87' lang='lat' dir='ltr'>potuisse.</span> 
     </span>
    </p>
   </div>
   <div class='ocr_carea' id='block_1_3' title="bbox 251 579 1833 921">
    <p class='ocr_par' dir='ltr' id='par_1_3' title="bbox 251 579 1833 921">
     <span class='ocr_line' id='line_1_5' title="bbox 311 579 1830 640; baseline -0.002 -16"><span class='ocrx_word' id='word_1_29' title='bbox 311 583 415 640; x_wconf 80' lang='lat' dir='ltr'>Pag.</span> <span class='ocrx_word' id='word_1_30' title='bbox 450 581 535 624; x_wconf 82' lang='grc'>867</span> <span class='ocrx_word' id='word_1_31' title='bbox 555 598 586 624; x_wconf 84' lang='lat' dir='ltr'><em>e.</em></span> <span class='ocrx_word' id='word_1_32' title='bbox 620 582 802 635; x_wconf 87' lang='grc' dir='ltr'><em>τρηχέως</em></span> <span class='ocrx_word' id='word_1_33' title='bbox 835 582 875 624; x_wconf 80' lang='grc' dir='ltr'><em>δὲ</em></span> <span class='ocrx_word' id='word_1_34' title='bbox 909 580 1271 634; x_wconf 78' lang='grc' dir='ltr'><em>περιεΝΕ-Χθέντες</em></span> <span class='ocrx_word' id='word_1_35' title='bbox 1306 606 1359 612; x_wconf 92' lang='lat'><em>—-</em></span> <span class='ocrx_word' id='word_1_36' title='bbox 1396 580 1567 633; x_wconf 78' lang='grc' dir='ltr'><em>δρησμὸν</em></span> <span class='ocrx_word' id='word_1_37' title='bbox 1601 579 1830 631; x_wconf 80' lang='grc' dir='ltr'><em>ἐβούλευον.</em></span> 
     </span>
     <span class='ocr_line' id='line_1_6' title="bbox 251 651 1831 708; baseline -0.002 -13"><span class='ocrx_word' id='word_1_38' title='bbox 251 653 413 696; x_wconf 86' lang='lat' dir='ltr'>Indocti</span> <span class='ocrx_word' id='word_1_39' title='bbox 437 655 594 695; x_wconf 85' lang='lat' dir='ltr'>scribae</span> <span class='ocrx_word' id='word_1_40' title='bbox 618 667 729 695; x_wconf 90' lang='lat' dir='ltr'>error</span> <span class='ocrx_word' id='word_1_41' title='bbox 753 657 815 695; x_wconf 89' lang='lat' dir='ltr'><em>est</em></span> <span class='ocrx_word' id='word_1_42' title='bbox 838 653 1158 705; x_wconf 82' lang='grc' dir='ltr'><em>περιενεχθέντες</em></span> <span class='ocrx_word' id='word_1_43' title='bbox 1184 666 1258 708; x_wconf 91' lang='lat' dir='ltr'>pro</span> <span class='ocrx_word' id='word_1_44' title='bbox 1287 653 1583 704; x_wconf 77' lang='grc' dir='ltr'><em>περιεφθέντες.</em></span> <span class='ocrx_word' id='word_1_45' title='bbox 1619 651 1831 706; x_wconf 82' lang='lat' dir='ltr'>Frequens</span> 
     </span>
     <span class='ocr_line' id='line_1_7' title="bbox 252 720 1830 779; baseline -0.003 -13"><span class='ocrx_word' id='word_1_46' title='bbox 252 724 480 766; x_wconf 85' lang='lat' dir='ltr'>admodum</span> <span class='ocrx_word' id='word_1_47' title='bbox 513 728 575 765; x_wconf 88' lang='lat' dir='ltr'><em>est</em></span> <span class='ocrx_word' id='word_1_48' title='bbox 608 724 719 779; x_wconf 87' lang='lat' dir='ltr'>apud</span> <span class='ocrx_word' id='word_1_49' title='bbox 748 723 1015 766; x_wconf 87' lang='lat' dir='ltr'>Herodotum</span> <span class='ocrx_word' id='word_1_50' title='bbox 1047 722 1226 776; x_wconf 80' lang='grc' dir='ltr'><em>τρηχέως</em></span> <span class='ocrx_word' id='word_1_51' title='bbox 1261 728 1468 775; x_wconf 77' lang='grc' dir='ltr'><em>περισπεῖν</em></span> <span class='ocrx_word' id='word_1_52' title='bbox 1504 722 1617 778; x_wconf 78' lang='lat' dir='ltr'>(male</span> <span class='ocrx_word' id='word_1_53' title='bbox 1644 720 1830 777; x_wconf 79' lang='lat' dir='ltr'>muleare)</span> 
     </span>
     <span class='ocr_line' id='line_1_8' title="bbox 252 792 1833 847; baseline -0.003 -10"><span class='ocrx_word' id='word_1_54' title='bbox 252 799 294 837; x_wconf 82' lang='lat' dir='ltr'><em>et</em></span> <span class='ocrx_word' id='word_1_55' title='bbox 325 794 506 847; x_wconf 75' lang='grc' dir='ltr'><em>τρηχέως</em></span> <span class='ocrx_word' id='word_1_56' title='bbox 538 795 815 847; x_wconf 74' lang='grc' dir='ltr'><em>περιεφθῆναι.</em></span> <span class='ocrx_word' id='word_1_57' title='bbox 860 793 1013 837; x_wconf 79' lang='lat' dir='ltr'>Contra</span> <span class='ocrx_word' id='word_1_58' title='bbox 1049 793 1220 845; x_wconf 80' lang='grc' dir='ltr'><em>δρησμὸν</em></span> <span class='ocrx_word' id='word_1_59' title='bbox 1255 793 1469 844; x_wconf 74' lang='grc' dir='ltr'><em>ἐβούλευον</em></span> <span class='ocrx_word' id='word_1_60' title='bbox 1495 793 1650 835; x_wconf 79' lang='lat' dir='ltr'>rectius</span> <span class='ocrx_word' id='word_1_61' title='bbox 1678 792 1833 834; x_wconf 84' lang='lat' dir='ltr'>dicitur</span> 
     </span>
     <span class='ocr_line' id='line_1_9' title="bbox 253 863 1402 921; baseline -0.003 -13"><span class='ocrx_word' id='word_1_62' title='bbox 253 879 380 921; x_wconf 83' lang='lat' dir='ltr'>quam</span> <span class='ocrx_word' id='word_1_63' title='bbox 413 865 522 921; x_wconf 88' lang='lat' dir='ltr'>quod</span> <span class='ocrx_word' id='word_1_64' title='bbox 555 866 666 921; x_wconf 86' lang='lat' dir='ltr'>apud</span> <span class='ocrx_word' id='word_1_65' title='bbox 696 865 963 908; x_wconf 85' lang='lat' dir='ltr'>Herodotum</span> <span class='ocrx_word' id='word_1_66' title='bbox 997 869 1058 907; x_wconf 88' lang='lat' dir='ltr'><em>est</em></span> <span class='ocrx_word' id='word_1_67' title='bbox 1092 863 1402 915; x_wconf 77' lang='grc' dir='ltr'><em>ἐβουλεύονΤΟ.</em></span> 
     </span>
    </p>
   </div>
   <div class='ocr_carea' id='block_1_4' title="bbox 254 1001 1836 1412">
    <p class='ocr_par' dir='ltr' id='par_1_4' title="bbox 254 1001 1836 1412">
     <span class='ocr_line' id='line_1_10' title="bbox 314 1001 1832 1063; baseline -0.003 -15"><span class='ocrx_word' id='word_1_68' title='bbox 314 1005 415 1063; x_wconf 79' lang='lat' dir='ltr'>Pag.</span> <span class='ocrx_word' id='word_1_69' title='bbox 452 1004 539 1048; x_wconf 93' lang='lat'><em>868</em></span> <span class='ocrx_word' id='word_1_70' title='bbox 559 1009 591 1048; x_wconf 81' lang='lat' dir='ltr'><em>b.</em></span> <span class='ocrx_word' id='word_1_71' title='bbox 619 1005 885 1061; x_wconf 69' lang='lat' dir='ltr'>reprehendit</span> <span class='ocrx_word' id='word_1_72' title='bbox 910 1004 1175 1047; x_wconf 87' lang='lat' dir='ltr'>Herodotum</span> <span class='ocrx_word' id='word_1_73' title='bbox 1207 1003 1366 1056; x_wconf 85' lang='grc' dir='ltr'><em>Θούριον</em></span> <span class='ocrx_word' id='word_1_74' title='bbox 1391 1003 1465 1053; x_wconf 79' lang='grc' dir='ltr'><em>μὲν</em></span> <span class='ocrx_word' id='word_1_75' title='bbox 1490 1003 1565 1045; x_wconf 78' lang='grc' dir='ltr'><em>ὑπὸ</em></span> <span class='ocrx_word' id='word_1_76' title='bbox 1590 1003 1667 1044; x_wconf 77' lang='grc' dir='ltr'><em>τῶν</em></span> <span class='ocrx_word' id='word_1_77' title='bbox 1694 1001 1832 1045; x_wconf 74' lang='grc' dir='ltr'><em>ἄλλων</em></span> 
     </span>
     <span class='ocr_line' id='line_1_11' title="bbox 256 1073 1832 1130; baseline -0.003 -12"><span class='ocrx_word' id='word_1_78' title='bbox 256 1076 596 1130; x_wconf 83' lang='grc' dir='ltr'><em>ΝΟΜΙζόμενον,</em></span> <span class='ocrx_word' id='word_1_79' title='bbox 641 1077 763 1118; x_wconf 77' lang='grc' dir='ltr'><em>αὐτὸν</em></span> <span class='ocrx_word' id='word_1_80' title='bbox 806 1075 845 1116; x_wconf 82' lang='grc' dir='ltr'><em>δὲ</em></span> <span class='ocrx_word' id='word_1_81' title='bbox 887 1075 1220 1127; x_wconf 65' lang='grc' dir='ltr'><em>“Αλικαρνασέων</em></span> <span class='ocrx_word' id='word_1_82' title='bbox 1253 1074 1554 1126; x_wconf 80' lang='grc' dir='ltr'><em>περιεχόμενον.</em></span> <span class='ocrx_word' id='word_1_83' title='bbox 1618 1073 1832 1115; x_wconf 87' lang='lat' dir='ltr'>Emenda:</span> 
     </span>
     <span class='ocr_line' id='line_1_12' title="bbox 259 1142 1836 1198; baseline -0.003 -10"><span class='ocrx_word' id='word_1_84' title='bbox 259 1145 667 1198; x_wconf 79' lang='grc' dir='ltr'><em>ὈΝΟΜΑζόμενον,</em></span> <span class='ocrx_word' id='word_1_85' title='bbox 714 1159 796 1187; x_wconf 88' lang='lat' dir='ltr'><em>non</em></span> <span class='ocrx_word' id='word_1_86' title='bbox 840 1149 928 1187; x_wconf 85' lang='lat' dir='ltr'>erat</span> <span class='ocrx_word' id='word_1_87' title='bbox 971 1147 1083 1187; x_wconf 86' lang='lat' dir='ltr'>enim</span> <span class='ocrx_word' id='word_1_88' title='bbox 1125 1145 1226 1187; x_wconf 89' lang='lat' dir='ltr'>haec</span> <span class='ocrx_word' id='word_1_89' title='bbox 1268 1144 1527 1187; x_wconf 80' lang='lat' dir='ltr'>Graecorum</span> <span class='ocrx_word' id='word_1_90' title='bbox 1570 1145 1722 1198; x_wconf 72' lang='lat' dir='ltr'><em>opinio,</em></span> <span class='ocrx_word' id='word_1_91' title='bbox 1765 1142 1836 1184; x_wconf 88' lang='lat' dir='ltr'><em>sed</em></span> 
     </span>
     <span class='ocr_line' id='line_1_13' title="bbox 257 1214 1836 1270; baseline -0.003 -10"><span class='ocrx_word' id='word_1_92' title='bbox 257 1219 473 1260; x_wconf 75' lang='lat' dir='ltr'>constabat</span> <span class='ocrx_word' id='word_1_93' title='bbox 504 1219 615 1259; x_wconf 85' lang='lat' dir='ltr'>inter</span> <span class='ocrx_word' id='word_1_94' title='bbox 646 1231 812 1266; x_wconf 88' lang='lat' dir='ltr'>omnes,</span> <span class='ocrx_word' id='word_1_95' title='bbox 847 1216 957 1257; x_wconf 90' lang='lat' dir='ltr'>unde</span> <span class='ocrx_word' id='word_1_96' title='bbox 990 1217 1119 1257; x_wconf 82' lang='lat' dir='ltr'>etiam</span> <span class='ocrx_word' id='word_1_97' title='bbox 1151 1215 1278 1257; x_wconf 86' lang='lat' dir='ltr'>multi</span> <span class='ocrx_word' id='word_1_98' title='bbox 1309 1229 1381 1270; x_wconf 88' lang='lat' dir='ltr'>pro</span> <span class='ocrx_word' id='word_1_99' title='bbox 1409 1214 1615 1266; x_wconf 78' lang='grc' dir='ltr'><em>Ἡροδότου</em></span> <span class='ocrx_word' id='word_1_100' title='bbox 1644 1215 1836 1265; x_wconf 79' lang='grc' dir='ltr'><em>Ἃλικαρ-</em></span> 
     </span>
     <span class='ocr_line' id='line_1_14' title="bbox 256 1283 1835 1340; baseline -0.003 -10"><span class='ocrx_word' id='word_1_101' title='bbox 256 1289 388 1337; x_wconf 85' lang='grc' dir='ltr'><em>νησέος</em></span> <span class='ocrx_word' id='word_1_102' title='bbox 433 1289 579 1340; x_wconf 70' lang='grc' dir='ltr'><em>ἱςορίης</em></span> <span class='ocrx_word' id='word_1_103' title='bbox 628 1286 819 1336; x_wconf 69' lang='grc' dir='ltr'><em>ἀπόδεξις</em></span> <span class='ocrx_word' id='word_1_104' title='bbox 863 1286 931 1336; x_wconf 72' lang='grc' dir='ltr'><em>ἥδε</em></span> <span class='ocrx_word' id='word_1_105' title='bbox 975 1291 1361 1328; x_wconf 71' lang='grc' dir='ltr'><strong>ΜΕΤΕΓΡΑΦΟΝ</strong></span> <span class='ocrx_word' id='word_1_106' title='bbox 1405 1284 1610 1336; x_wconf 76' lang='grc' dir='ltr'><em>Ἡροδότου</em></span> <span class='ocrx_word' id='word_1_107' title='bbox 1658 1283 1835 1336; x_wconf 81' lang='grc' dir='ltr'><em>Θουρίου.</em></span> 
     </span>
     <span class='ocr_line' id='line_1_15' title="bbox 254 1355 1835 1412; baseline -0.003 -11"><span class='ocrx_word' id='word_1_108' title='bbox 254 1359 481 1412; x_wconf 76' lang='grc' dir='ltr'><em>Μετῴκησε</em></span> <span class='ocrx_word' id='word_1_109' title='bbox 526 1359 608 1411; x_wconf 69' lang='grc' dir='ltr'><em>γάρ</em></span> <span class='ocrx_word' id='word_1_110' title='bbox 653 1360 708 1406; x_wconf 83' lang='grc' dir='ltr'><em>εἷς</em></span> <span class='ocrx_word' id='word_1_111' title='bbox 754 1357 936 1410; x_wconf 80' lang='grc' dir='ltr'><em>Θουρίους</em></span> <span class='ocrx_word' id='word_1_112' title='bbox 984 1356 1052 1398; x_wconf 73' lang='grc' dir='ltr'><em>καὶ</em></span> <span class='ocrx_word' id='word_1_113' title='bbox 1096 1361 1167 1404; x_wconf 72' lang='grc' dir='ltr'><em>τῆς</em></span> <span class='ocrx_word' id='word_1_114' title='bbox 1214 1356 1404 1403; x_wconf 78' lang='grc' dir='ltr'><em>άποικίας</em></span> <span class='ocrx_word' id='word_1_115' title='bbox 1446 1356 1595 1404; x_wconf 85' lang='grc' dir='ltr'><em>ἐκείνης</em></span> <span class='ocrx_word' id='word_1_116' title='bbox 1635 1355 1835 1408; x_wconf 79' lang='grc' dir='ltr'><em>μετέσχε.</em></span> 
     </span>
    </p>
   </div>
   <div class='ocr_carea' id='block_1_5' title="bbox 255 1426 1136 1485">
    <p class='ocr_par' dir='ltr' id='par_1_5' title="bbox 255 1426 1136 1485">
     <span class='ocr_line' id='line_1_16' title="bbox 255 1426 1136 1485; baseline -0.003 -14"><span class='ocrx_word' id='word_1_117' title='bbox 255 1430 509 1473; x_wconf 75' lang='lat' dir='ltr'>Plutarchus</span> <span class='ocrx_word' id='word_1_118' title='bbox 541 1431 588 1471; x_wconf 80' lang='lat' dir='ltr'><em>de</em></span> <span class='ocrx_word' id='word_1_119' title='bbox 615 1429 752 1470; x_wconf 69' lang='lat' dir='ltr'><em>exsilio</em></span> <span class='ocrx_word' id='word_1_120' title='bbox 783 1442 878 1485; x_wconf 82' lang='lat' dir='ltr'>pag.</span> <span class='ocrx_word' id='word_1_121' title='bbox 913 1426 999 1469; x_wconf 87' lang='lat'><em>604</em></span> <span class='ocrx_word' id='word_1_122' title='bbox 1015 1427 1064 1482; x_wconf 82' lang='lat' dir='ltr'><em>s.</em></span> <span class='ocrx_word' id='word_1_123' title='bbox 1131 1474 1136 1478; x_wconf 50' lang='grc'><em>,</em></span> 
     </span>
    </p>
   </div>
   <div class='ocr_carea' id='block_1_6' title="bbox 252 1565 1837 2114">
    <p class='ocr_par' dir='ltr' id='par_1_6' title="bbox 252 1565 1837 2114">
     <span class='ocr_line' id='line_1_17' title="bbox 316 1565 1836 1626; baseline -0.004 -12"><span class='ocrx_word' id='word_1_124' title='bbox 316 1571 380 1614; x_wconf 77' lang='lat' dir='ltr'><em>Ex</em></span> <span class='ocrx_word' id='word_1_125' title='bbox 422 1573 474 1613; x_wconf 85' lang='lat' dir='ltr'><em>iis</em></span> <span class='ocrx_word' id='word_1_126' title='bbox 516 1584 620 1626; x_wconf 89' lang='lat' dir='ltr'>quae</span> <span class='ocrx_word' id='word_1_127' title='bbox 665 1569 868 1626; x_wconf 79' lang='lat' dir='ltr'>leguntur</span> <span class='ocrx_word' id='word_1_128' title='bbox 909 1582 1008 1625; x_wconf 80' lang='lat' dir='ltr'>pag.</span> <span class='ocrx_word' id='word_1_129' title='bbox 1047 1566 1132 1609; x_wconf 89' lang='lat'><em>869</em></span> <span class='ocrx_word' id='word_1_130' title='bbox 1151 1583 1187 1608; x_wconf 83' lang='lat' dir='ltr'><em>a.</em></span> <span class='ocrx_word' id='word_1_131' title='bbox 1230 1567 1349 1609; x_wconf 89' lang='lat' dir='ltr'>locus</span> <span class='ocrx_word' id='word_1_132' title='bbox 1386 1567 1592 1609; x_wconf 79' lang='lat' dir='ltr'>Herodoti</span> <span class='ocrx_word' id='word_1_133' title='bbox 1625 1565 1836 1608; x_wconf 89' lang='lat' dir='ltr'>emendari</span> 
     </span>
     <span class='ocr_line' id='line_1_18' title="bbox 255 1636 1835 1699; baseline -0.004 -13"><span class='ocrx_word' id='word_1_134' title='bbox 255 1647 404 1699; x_wconf 81' lang='lat' dir='ltr'>potest.</span> <span class='ocrx_word' id='word_1_135' title='bbox 451 1643 628 1699; x_wconf 79' lang='lat' dir='ltr'>Legitur</span> <span class='ocrx_word' id='word_1_136' title='bbox 656 1640 767 1695; x_wconf 87' lang='lat' dir='ltr'>apud</span> <span class='ocrx_word' id='word_1_137' title='bbox 794 1639 1098 1681; x_wconf 70' lang='lat' dir='ltr'>Plutarchum:</span> <span class='ocrx_word' id='word_1_138' title='bbox 1132 1637 1279 1687; x_wconf 72' lang='grc' dir='ltr'><em>Νάξιοι</em></span> <span class='ocrx_word' id='word_1_139' title='bbox 1308 1643 1412 1690; x_wconf 82' lang='grc' dir='ltr'><em>τρεῖς</em></span> <span class='ocrx_word' id='word_1_140' title='bbox 1441 1636 1638 1690; x_wconf 78' lang='grc' dir='ltr'><em>ἔπεμψαν</em></span> <span class='ocrx_word' id='word_1_141' title='bbox 1668 1637 1835 1689; x_wconf 73' lang='grc' dir='ltr'><em>τριήρεις</em></span> 
     </span>
     <span class='ocr_line' id='line_1_19' title="bbox 259 1706 1837 1765; baseline -0.004 -9"><span class='ocrx_word' id='word_1_142' title='bbox 259 1713 508 1765; x_wconf 86' lang='grc' dir='ltr'><em>συμμάχους</em></span> <span class='ocrx_word' id='word_1_143' title='bbox 558 1716 639 1756; x_wconf 85' lang='grc' dir='ltr'><em>τοῖς</em></span> <span class='ocrx_word' id='word_1_144' title='bbox 687 1709 939 1764; x_wconf 75' lang='grc' dir='ltr'><em>βαρβάροις,</em></span> <span class='ocrx_word' id='word_1_145' title='bbox 988 1706 1043 1755; x_wconf 79' lang='grc' dir='ltr'><em>εἷς</em></span> <span class='ocrx_word' id='word_1_146' title='bbox 1089 1709 1129 1751; x_wconf 78' lang='grc' dir='ltr'><em>δὲ</em></span> <span class='ocrx_word' id='word_1_147' title='bbox 1175 1713 1251 1750; x_wconf 79' lang='grc' dir='ltr'><em>τῶν</em></span> <span class='ocrx_word' id='word_1_148' title='bbox 1291 1707 1539 1761; x_wconf 85' lang='grc' dir='ltr'><em>τριηράρχων</em></span> <span class='ocrx_word' id='word_1_149' title='bbox 1586 1707 1837 1760; x_wconf 87' lang='grc' dir='ltr'><em>Δημόκριτος</em></span> 
     </span>
     <span class='ocr_line' id='line_1_20' title="bbox 252 1778 1835 1835; baseline -0.004 -8"><span class='ocrx_word' id='word_1_150' title='bbox 252 1789 475 1827; x_wconf 68' lang='grc' dir='ltr'><em>’ΈΠΘΙΟΘ</em></span> <span class='ocrx_word' id='word_1_151' title='bbox 507 1784 597 1829; x_wconf 82' lang='grc' dir='ltr'><em>τοὺς</em></span> <span class='ocrx_word' id='word_1_152' title='bbox 632 1781 782 1828; x_wconf 70' lang='grc' dir='ltr'><em>ἄλλους</em></span> <span class='ocrx_word' id='word_1_153' title='bbox 812 1780 972 1822; x_wconf 77' lang='grc' dir='ltr'><em>ἑλέσθαι</em></span> <span class='ocrx_word' id='word_1_154' title='bbox 1001 1780 1056 1822; x_wconf 73' lang='grc' dir='ltr'><em>τοὶ</em></span> <span class='ocrx_word' id='word_1_155' title='bbox 1083 1784 1158 1822; x_wconf 82' lang='grc' dir='ltr'><em>τῶν</em></span> <span class='ocrx_word' id='word_1_156' title='bbox 1187 1780 1403 1827; x_wconf 71' lang='grc' dir='ltr'><em>Ἑλλήνων.</em></span> <span class='ocrx_word' id='word_1_157' title='bbox 1433 1779 1544 1835; x_wconf 88' lang='lat' dir='ltr'>apud</span> <span class='ocrx_word' id='word_1_158' title='bbox 1570 1778 1835 1821; x_wconf 84' lang='lat' dir='ltr'>Herodotum</span> 
     </span>
     <span class='ocr_line' id='line_1_21' title="bbox 257 1848 1833 1904; baseline -0.005 -6"><span class='ocrx_word' id='word_1_159' title='bbox 257 1855 368 1898; x_wconf 88' lang='lat' dir='ltr'><strong>VIII.</strong></span> <span class='ocrx_word' id='word_1_160' title='bbox 414 1855 484 1897; x_wconf 78' lang='lat'><em>46.</em></span> <span class='ocrx_word' id='word_1_161' title='bbox 531 1852 676 1903; x_wconf 72' lang='grc' dir='ltr'><em>Νάξιοι</em></span> <span class='ocrx_word' id='word_1_162' title='bbox 722 1852 762 1893; x_wconf 79' lang='grc' dir='ltr'><em>δὲ</em></span> <span class='ocrx_word' id='word_1_163' title='bbox 804 1852 1049 1904; x_wconf 69' lang='grc' dir='ltr'><em>παρείχοντο</em></span> <span class='ocrx_word' id='word_1_164' title='bbox 1082 1850 1276 1902; x_wconf 86' lang='grc' dir='ltr'><em>τέσσερας</em></span> <span class='ocrx_word' id='word_1_165' title='bbox 1310 1848 1654 1901; x_wconf 68' lang='grc' dir='ltr'><em>ἀποπεμφθέντες</em></span> <span class='ocrx_word' id='word_1_166' title='bbox 1687 1849 1761 1900; x_wconf 81' lang='grc' dir='ltr'><em>μὲν</em></span> <span class='ocrx_word' id='word_1_167' title='bbox 1795 1849 1833 1895; x_wconf 81' lang='grc' dir='ltr'><em>ἐς</em></span> 
     </span>
     <span class='ocr_line' id='line_1_22' title="bbox 257 1920 1833 1974; baseline -0.004 -6"><span class='ocrx_word' id='word_1_168' title='bbox 257 1928 348 1973; x_wconf 79' lang='grc' dir='ltr'><em>τοὺς</em></span> <span class='ocrx_word' id='word_1_169' title='bbox 389 1926 551 1974; x_wconf 72' lang='grc' dir='ltr'><em>Μήδους</em></span> <span class='ocrx_word' id='word_1_170' title='bbox 589 1950 670 1972; x_wconf 86' lang='grc'><em>-,</em></span> <span class='ocrx_word' id='word_1_171' title='bbox 714 1923 1000 1973; x_wconf 66' lang='grc' dir='ltr'><em>ἀλογήσαντες</em></span> <span class='ocrx_word' id='word_1_172' title='bbox 1045 1921 1083 1963; x_wconf 80' lang='grc' dir='ltr'><em>δὲ</em></span> <span class='ocrx_word' id='word_1_173' title='bbox 1129 1925 1205 1963; x_wconf 78' lang='grc' dir='ltr'><em>τῶν</em></span> <span class='ocrx_word' id='word_1_174' title='bbox 1239 1920 1426 1962; x_wconf 81' lang='grc' dir='ltr'><em>ἐντολέων</em></span> <span class='ocrx_word' id='word_1_175' title='bbox 1459 1920 1639 1962; x_wconf 80' lang='grc' dir='ltr'><em>άπίκατο</em></span> <span class='ocrx_word' id='word_1_176' title='bbox 1670 1920 1708 1966; x_wconf 89' lang='grc' dir='ltr'><em>ἐς</em></span> <span class='ocrx_word' id='word_1_177' title='bbox 1742 1920 1833 1966; x_wconf 86' lang='grc' dir='ltr'><em>τοὺς</em></span> 
     </span>
     <span class='ocr_line' id='line_1_23' title="bbox 254 1990 1836 2046; baseline -0.004 -8"><span class='ocrx_word' id='word_1_178' title='bbox 254 1996 463 2045; x_wconf 74' lang='grc' dir='ltr'><em>Ἕλληνας</em></span> <span class='ocrx_word' id='word_1_179' title='bbox 505 1995 757 2046; x_wconf 80' lang='grc' dir='ltr'><em>Δημοκρίτου</em></span> <span class='ocrx_word' id='word_1_180' title='bbox 801 1999 1091 2039; x_wconf 73' lang='grc' dir='ltr'><em>ΕΠΕΥσαντος</em></span> <span class='ocrx_word' id='word_1_181' title='bbox 1125 1991 1260 2044; x_wconf 70' lang='grc' dir='ltr'><em>ἀνδρὸς</em></span> <span class='ocrx_word' id='word_1_182' title='bbox 1295 1996 1371 2033; x_wconf 79' lang='grc' dir='ltr'><em>τῶν</em></span> <span class='ocrx_word' id='word_1_183' title='bbox 1403 1992 1509 2036; x_wconf 72' lang='grc' dir='ltr'><em>οἷς-ῶν</em></span> <span class='ocrx_word' id='word_1_184' title='bbox 1543 1990 1728 2041; x_wconf 84' lang='grc' dir='ltr'><em>δοκίμου,</em></span> <span class='ocrx_word' id='word_1_185' title='bbox 1762 1991 1836 2032; x_wconf 87' lang='lat' dir='ltr'>ubi</span> 
     </span>
     <span class='ocr_line' id='line_1_24' title="bbox 258 2067 792 2114; baseline -0.006 -5"><span class='ocrx_word' id='word_1_186' title='bbox 258 2074 501 2114; x_wconf 71' lang='grc' dir='ltr'><em>ΠΕΙσαντ-ος</em></span> <span class='ocrx_word' id='word_1_187' title='bbox 535 2080 683 2110; x_wconf 89' lang='lat' dir='ltr'>verum</span> <span class='ocrx_word' id='word_1_188' title='bbox 716 2067 792 2107; x_wconf 82' lang='lat' dir='ltr'>est.</span> 
     </span>
    </p>
   </div>
   <div class='ocr_carea' id='block_1_7' title="bbox 257 2199 1836 2603">
    <p class='ocr_par' dir='ltr' id='par_1_7' title="bbox 257 2199 1836 2603">
     <span class='ocr_line' id='line_1_25' title="bbox 317 2199 1835 2265; baseline -0.006 -16"><span class='ocrx_word' id='word_1_189' title='bbox 317 2207 421 2265; x_wconf 81' lang='lat' dir='ltr'>Pag.</span> <span class='ocrx_word' id='word_1_190' title='bbox 457 2205 542 2248; x_wconf 86' lang='lat'><em>869</em></span> <span class='ocrx_word' id='word_1_191' title='bbox 563 2209 597 2247; x_wconf 82' lang='lat' dir='ltr'><em>b.</em></span> <span class='ocrx_word' id='word_1_192' title='bbox 640 2206 671 2247; x_wconf 81' lang='grc' dir='ltr'><em>οἱ</em></span> <span class='ocrx_word' id='word_1_193' title='bbox 708 2203 872 2254; x_wconf 70' lang='grc' dir='ltr'><em>Ναξίων</em></span> <span class='ocrx_word' id='word_1_194' title='bbox 904 2202 1132 2256; x_wconf 75' lang='grc' dir='ltr'><em>ὡρογράφοι</em></span> <span class='ocrx_word' id='word_1_195' title='bbox 1165 2201 1327 2253; x_wconf 71' lang='grc' dir='ltr'><em>λέγουσι</em></span> <span class='ocrx_word' id='word_1_196' title='bbox 1364 2200 1432 2243; x_wconf 80' lang='grc' dir='ltr'><em>καὶ</em></span> <span class='ocrx_word' id='word_1_197' title='bbox 1469 2199 1653 2252; x_wconf 80' lang='grc' dir='ltr'><em>πρότερον</em></span> <span class='ocrx_word' id='word_1_198' title='bbox 1685 2205 1835 2250; x_wconf 68' lang='grc' dir='ltr'><em>Μεγα-</em></span> 
     </span>
     <span class='ocr_line' id='line_1_26' title="bbox 257 2269 1834 2330; baseline -0.006 -10"><span class='ocrx_word' id='word_1_199' title='bbox 257 2279 393 2330; x_wconf 81' lang='grc' dir='ltr'><em>βάτην</em></span> <span class='ocrx_word' id='word_1_200' title='bbox 441 2276 684 2319; x_wconf 81' lang='grc' dir='ltr'><em>άπώσασθαι</em></span> <span class='ocrx_word' id='word_1_201' title='bbox 721 2300 775 2306; x_wconf 93' lang='lat'>—</span> <span class='ocrx_word' id='word_1_202' title='bbox 809 2275 877 2316; x_wconf 77' lang='grc' dir='ltr'><em>καὶ</em></span> <span class='ocrx_word' id='word_1_203' title='bbox 927 2277 1058 2315; x_wconf 74' lang='grc' dir='ltr'><em>Δοῖτιν</em></span> <span class='ocrx_word' id='word_1_204' title='bbox 1107 2271 1217 2319; x_wconf 76' lang='grc' dir='ltr'><em>αὖθις</em></span> <span class='ocrx_word' id='word_1_205' title='bbox 1266 2274 1333 2314; x_wconf 79' lang='grc' dir='ltr'><em>τὸν</em></span> <span class='ocrx_word' id='word_1_206' title='bbox 1381 2270 1590 2324; x_wconf 66' lang='grc' dir='ltr'><em>ςρατηγὸν</em></span> <span class='ocrx_word' id='word_1_207' title='bbox 1639 2269 1834 2321; x_wconf 72' lang='grc' dir='ltr'><em>ἐξελάσαι</em></span> 
     </span>
     <span class='ocr_line' id='line_1_27' title="bbox 259 2341 1835 2400; baseline -0.006 -10"><span class='ocrx_word' id='word_1_208' title='bbox 259 2351 588 2400; x_wconf 74' lang='grc' dir='ltr'><em>καταπρήσαντα</em></span> <span class='ocrx_word' id='word_1_209' title='bbox 615 2352 779 2392; x_wconf 68' lang='grc' dir='ltr'><em>ποιῆσαι</em></span> <span class='ocrx_word' id='word_1_210' title='bbox 806 2344 941 2386; x_wconf 81' lang='grc' dir='ltr'><em>κακόν.</em></span> <span class='ocrx_word' id='word_1_211' title='bbox 975 2344 1250 2386; x_wconf 84' lang='lat' dir='ltr'>Manifestam</span> <span class='ocrx_word' id='word_1_212' title='bbox 1276 2343 1471 2385; x_wconf 85' lang='lat' dir='ltr'>lacunam</span> <span class='ocrx_word' id='word_1_213' title='bbox 1499 2343 1544 2383; x_wconf 88' lang='lat' dir='ltr'><em>in</em></span> <span class='ocrx_word' id='word_1_214' title='bbox 1568 2341 1680 2383; x_wconf 88' lang='lat' dir='ltr'>hunc</span> <span class='ocrx_word' id='word_1_215' title='bbox 1704 2341 1835 2382; x_wconf 88' lang='lat' dir='ltr'>ferme</span> 
     </span>
     <span class='ocr_line' id='line_1_28' title="bbox 258 2408 1834 2473; baseline -0.006 -12"><span class='ocrx_word' id='word_1_216' title='bbox 258 2420 434 2462; x_wconf 88' lang='lat' dir='ltr'>modum</span> <span class='ocrx_word' id='word_1_217' title='bbox 465 2417 738 2473; x_wconf 86' lang='lat' dir='ltr'>probabiliter</span> <span class='ocrx_word' id='word_1_218' title='bbox 770 2416 943 2458; x_wconf 87' lang='lat' dir='ltr'>sarcias:</span> <span class='ocrx_word' id='word_1_219' title='bbox 980 2414 1309 2467; x_wconf 74' lang='grc' dir='ltr'><em>καταπρήσαντα</em></span> <span class='ocrx_word' id='word_1_220' title='bbox 1348 2413 1437 2469; x_wconf 76' lang='grc' dir='ltr'><em>(μὲν</em></span> <span class='ocrx_word' id='word_1_221' title='bbox 1470 2413 1540 2459; x_wconf 75' lang='grc' dir='ltr'><em>την</em></span> <span class='ocrx_word' id='word_1_222' title='bbox 1570 2410 1700 2461; x_wconf 80' lang='grc' dir='ltr'><em>πόλιν,</em></span> <span class='ocrx_word' id='word_1_223' title='bbox 1730 2408 1834 2451; x_wconf 74' lang='grc' dir='ltr'><em>ἄλλο</em></span> 
     </span>
     <span class='ocr_line' id='line_1_29' title="bbox 258 2480 1836 2543; baseline -0.006 -12"><span class='ocrx_word' id='word_1_224' title='bbox 258 2490 293 2531; x_wconf 81' lang='grc' dir='ltr'><em>δ’</em></span> <span class='ocrx_word' id='word_1_225' title='bbox 339 2491 446 2531; x_wconf 76' lang='grc' dir='ltr'><em>οὐδὲν</em></span> <span class='ocrx_word' id='word_1_226' title='bbox 490 2487 720 2543; x_wconf 82' lang='grc' dir='ltr'><em>δυνηθέντα)</em></span> <span class='ocrx_word' id='word_1_227' title='bbox 768 2491 930 2534; x_wconf 70' lang='grc' dir='ltr'><em>ποιῆσαι</em></span> <span class='ocrx_word' id='word_1_228' title='bbox 973 2485 1108 2527; x_wconf 84' lang='grc' dir='ltr'><em>κακόν.</em></span> <span class='ocrx_word' id='word_1_229' title='bbox 1156 2484 1328 2526; x_wconf 85' lang='lat' dir='ltr'>Veriora</span> <span class='ocrx_word' id='word_1_230' title='bbox 1378 2483 1428 2525; x_wconf 85' lang='lat' dir='ltr'><em>de</em></span> <span class='ocrx_word' id='word_1_231' title='bbox 1469 2482 1618 2525; x_wconf 78' lang='lat' dir='ltr'>Naxiis</span> <span class='ocrx_word' id='word_1_232' title='bbox 1661 2480 1836 2523; x_wconf 75' lang='lat' dir='ltr'>tradidit</span> 
     </span>
     <span class='ocr_line' id='line_1_30' title="bbox 258 2557 708 2603; baseline -0.009 0"><span class='ocrx_word' id='word_1_233' title='bbox 258 2560 496 2603; x_wconf 88' lang='lat' dir='ltr'>Herodotus</span> <span class='ocrx_word' id='word_1_234' title='bbox 527 2557 598 2600; x_wconf 90' lang='lat' dir='ltr'><em>VI.</em></span> <span class='ocrx_word' id='word_1_235' title='bbox 639 2557 708 2599; x_wconf 85' lang='lat'><em>96.</em></span> 
     </span>
    </p>
   </div>
   <div class='ocr_carea' id='block_1_8' title="bbox 257 2686 1836 2967">
    <p class='ocr_par' dir='ltr' id='par_1_8' title="bbox 257 2686 1836 2967">
     <span class='ocr_line' id='line_1_31' title="bbox 318 2686 1834 2757; baseline -0.009 -14"><span class='ocrx_word' id='word_1_236' title='bbox 318 2701 421 2757; x_wconf 82' lang='lat' dir='ltr'>Pag.</span> <span class='ocrx_word' id='word_1_237' title='bbox 447 2698 533 2742; x_wconf 81' lang='lat'><em>870</em></span> <span class='ocrx_word' id='word_1_238' title='bbox 552 2702 584 2739; x_wconf 85' lang='lat' dir='ltr'><em>b.</em></span> <span class='ocrx_word' id='word_1_239' title='bbox 613 2698 709 2739; x_wconf 69' lang='grc' dir='ltr'><em>ἁλλ’</em></span> <span class='ocrx_word' id='word_1_240' title='bbox 736 2692 752 2737; x_wconf 69' lang='grc' dir='ltr'><em>ἓ</em></span> <span class='ocrx_word' id='word_1_241' title='bbox 778 2696 851 2746; x_wconf 78' lang='grc' dir='ltr'><em>μὲν</em></span> <span class='ocrx_word' id='word_1_242' title='bbox 876 2695 1047 2748; x_wconf 78' lang='grc' dir='ltr'><em>ἕψευςαι</em></span> <span class='ocrx_word' id='word_1_243' title='bbox 1074 2693 1195 2745; x_wconf 71' lang='grc' dir='ltr'><em>λόγος</em></span> <span class='ocrx_word' id='word_1_244' title='bbox 1227 2694 1322 2743; x_wconf 72' lang='grc' dir='ltr'><em>ἡμῖν</em></span> <span class='ocrx_word' id='word_1_245' title='bbox 1350 2692 1495 2739; x_wconf 78' lang='grc' dir='ltr'><em>οὐδείς·</em></span> <span class='ocrx_word' id='word_1_246' title='bbox 1521 2686 1548 2733; x_wconf 71' lang='grc' dir='ltr'><em>ἃ</em></span> <span class='ocrx_word' id='word_1_247' title='bbox 1575 2691 1614 2733; x_wconf 83' lang='grc' dir='ltr'><em>δὲ</em></span> <span class='ocrx_word' id='word_1_248' title='bbox 1640 2688 1834 2732; x_wconf 43' lang='grc' dir='ltr'><em>τθΗΗμΗξ</em></span> 
     </span>
     <span class='ocr_line' id='line_1_32' title="bbox 258 2761 1832 2825; baseline -0.009 -11"><span class='ocrx_word' id='word_1_249' title='bbox 258 2777 410 2825; x_wconf 74' lang='grc' dir='ltr'><em>ψευςαι</em></span> <span class='ocrx_word' id='word_1_250' title='bbox 457 2769 573 2820; x_wconf 90' lang='grc' dir='ltr'><em>μόνον</em></span> <span class='ocrx_word' id='word_1_251' title='bbox 613 2766 873 2818; x_wconf 71' lang='grc' dir='ltr'><em>ἐξετάζομεν.</em></span> <span class='ocrx_word' id='word_1_252' title='bbox 939 2765 1210 2822; x_wconf 84' lang='lat' dir='ltr'>Legendum:</span> <span class='ocrx_word' id='word_1_253' title='bbox 1256 2765 1354 2806; x_wconf 73' lang='grc' dir='ltr'><em>ἀλλ’</em></span> <span class='ocrx_word' id='word_1_254' title='bbox 1379 2761 1494 2803; x_wconf 64' lang='lat' dir='ltr'><em>“‘ssN</em></span> <span class='ocrx_word' id='word_1_255' title='bbox 1527 2761 1601 2811; x_wconf 81' lang='grc' dir='ltr'><em>μὲν</em></span> <span class='ocrx_word' id='word_1_256' title='bbox 1634 2761 1832 2814; x_wconf 80' lang='grc' dir='ltr'><em>ἔψευςαι,</em></span> 
     </span>
     <span class='ocr_line' id='line_1_33' title="bbox 258 2829 1836 2897; baseline -0.008 -12"><span class='ocrx_word' id='word_1_257' title='bbox 258 2848 299 2886; x_wconf 91' lang='lat' dir='ltr'><em>et</em></span> <span class='ocrx_word' id='word_1_258' title='bbox 341 2839 644 2897; x_wconf 87' lang='lat' dir='ltr'>supplendum:</span> <span class='ocrx_word' id='word_1_259' title='bbox 689 2835 716 2879; x_wconf 72' lang='grc' dir='ltr'><em>ἃ</em></span> <span class='ocrx_word' id='word_1_260' title='bbox 761 2837 800 2877; x_wconf 81' lang='grc' dir='ltr'><em>δὲ</em></span> <span class='ocrx_word' id='word_1_261' title='bbox 839 2838 972 2892; x_wconf 85' lang='grc' dir='ltr'><em>τ(ΩΝ</em></span> <span class='ocrx_word' id='word_1_262' title='bbox 1018 2835 1218 2887; x_wconf 84' lang='grc' dir='ltr'><em>Κορινθίων</em></span> <span class='ocrx_word' id='word_1_263' title='bbox 1257 2834 1323 2876; x_wconf 76' lang='grc' dir='ltr'><em>καὶ</em></span> <span class='ocrx_word' id='word_1_264' title='bbox 1359 2836 1434 2875; x_wconf 84' lang='grc' dir='ltr'><em>τῶν</em></span> <span class='ocrx_word' id='word_1_265' title='bbox 1469 2832 1662 2882; x_wconf 76' lang='grc' dir='ltr'><em>Θηβαίων</em></span> <span class='ocrx_word' id='word_1_266' title='bbox 1696 2829 1836 2886; x_wconf 87' lang='grc' dir='ltr'><em>κατέ)-</em></span> 
     </span>
     <span class='ocr_line' id='line_1_34' title="bbox 257 2906 852 2967; baseline -0.013 -11"><span class='ocrx_word' id='word_1_267' title='bbox 257 2918 408 2967; x_wconf 75' lang='grc' dir='ltr'><em>ψευςαι</em></span> <span class='ocrx_word' id='word_1_268' title='bbox 439 2910 555 2963; x_wconf 86' lang='grc' dir='ltr'><em>μόνον</em></span> <span class='ocrx_word' id='word_1_269' title='bbox 588 2906 852 2959; x_wconf 75' lang='grc' dir='ltr'><em>ἐξετάζομεν.</em></span> 
     </span>
    </p>
   </div>
  </div>
 </body>
</html>
