1946 3298
924 151 1009 194 184

181 281 280 320 sunt
320 281 362 319 et
401 275 568 320 inanes?
633 277 736 329 Quis
777 277 974 319 inducere
1003 279 1048 319 in
1081 277 1271 318 animum
1303 278 1441 331 potest
1472 276 1556 318 dici
1585 274 1653 316 τὸν
1684 273 1757 317 κά-

181 348 304 389 τωθεν
344 345 484 398 νόμον,
529 349 627 402 quia
668 347 833 389 Solonis
873 347 989 404 leges
1030 345 1302 399 βουςροφηδόν
1346 348 1522 401 scriptae
1561 344 1757 388 fuerunt?

184 417 288 469 Quis
318 421 546 473 concoquat
577 418 644 459 τὸν
678 419 854 459 κάτωθεν
886 420 1002 468 νόμον
1035 419 1096 460 ita
1127 418 1268 459 vocari
1301 416 1475 459 solitum
1507 418 1604 472 quia
1630 416 1758 472 Ephi-

183 488 289 530 altes
323 487 488 530 Solonis
519 487 610 534 τοὺς
642 487 789 536 ἄξονας
825 488 894 529 καὶ
927 489 1004 535 τας
1038 488 1200 539 κύρβεις
1234 489 1277 529 ἐκ
1308 493 1380 535 τῆς
1414 488 1667 538 ἀκροπόλεως
1701 487 1758 532 εἷς

182 558 228 600 τὸ
270 559 551 609 βουλευτήριον
594 558 661 599 καὶ
698 559 768 605 την
801 559 954 609 ἀγορὰν
987 556 1238 608 μετέςησενῗ
1301 558 1448 613 Neque
1478 558 1522 599 id
1553 572 1759 613 umquam

181 628 343 670 sactum
385 631 447 670 est
488 632 536 669 ut
577 627 741 670 Solonis
781 628 896 685 leges
938 630 982 670 in
1037 627 1200 670 Curiam
1248 628 1582 670 transferrentur.
1645 628 1760 670 Audi

180 698 436 740 Pausaniam
477 697 509 739 I.
556 697 623 741 18.
669 697 707 739 3.
751 698 920 747 πλησίον
962 699 1002 740 δὲ
1033 699 1268 750 πρυτανεῖόν
1302 699 1410 745 ἕςιν,
1447 699 1485 739 ἐν
1518 696 1544 751 ᾧ
1583 697 1692 748 νόμοι
1727 709 1758 749 οἱ

184 768 362 815 Σόλωνος
406 767 687 820 γεγραμμένοι
732 769 844 811 εἰσίν.
889 773 930 810 et
972 768 1191 811 Pollucem
1230 769 1341 811 VIII.
1393 767 1491 810 128.
1545 769 1759 810 ἀπέκειντο

183 839 348 880 δὲ-οἱ
393 837 530 888 ἄξονες
575 839 614 880 ἐν
656 840 871 890 ἀκροπόλει
913 841 1075 894 πάλαι,
1121 838 1231 885 αὖθις
1277 839 1317 880 δὲ
1359 840 1413 886 εἷς
1447 839 1491 882 τὸ
1524 844 1759 891 πρυτανεῖον

180 909 250 951 καὶ
295 909 366 956 τὴν
407 909 561 959 ἀγορὰν
594 911 960 960 μετεκομίσθησαν.
999 914 1039 951 et
1072 913 1249 965 utroque
1282 911 1560 964 antiquiorem
1593 909 1760 951 Plutar-

181 980 308 1022 chum
340 981 385 1021 in
416 980 554 1021 Solone
585 994 672 1035 cap.
707 980 776 1023 25.
815 981 947 1037 (leges
980 979 1161 1029 Solonis}
1198 981 1525 1033 κατεγράφησαν
1559 981 1612 1026 εἷς
1646 979 1760 1029 ξυλί-

181 1065 266 1097 νους
310 1048 457 1099 ἄξονας
507 1051 546 1091 ἐν
593 1051 797 1097 πλαισίοις
847 1051 1075 1103 περιέχουσι
1122 1051 1415 1106 ςρεφομένους,
1465 1049 1514 1092 ὧν
1565 1049 1622 1093 ἔτι
1669 1051 1759 1092 καθ’

182 1123 292 1170 ἡμᾶς
341 1121 379 1161 ἐν
425 1121 646 1173 πρυτανείῳ
693 1122 876 1173 λείψανα
925 1128 1100 1164 ΜΙΚΡΑ
1147 1121 1368 1174 διεσώζετο.
1450 1122 1586 1173 Quam
1639 1121 1759 1163 facile

179 1190 415 1247 Didymus,
465 1193 537 1246 qui
584 1193 805 1247 scripserat
852 1195 938 1244 περὶ
990 1197 1065 1233 τῶν
1112 1191 1261 1241 ἀξόνων
1310 1198 1385 1234 τῶν
1435 1192 1612 1239 Σόλωνος
1662 1193 1757 1243 πρὸς

183 1259 493 1309 Ἀσκληπιάδην
544 1261 776 1319 (Plutarch.
825 1264 870 1304 in
917 1263 1054 1304 Solone
1101 1277 1189 1318 cap.
1242 1263 1284 1317 1)
1329 1263 1431 1305 haec
1472 1264 1614 1305 omnia
1656 1264 1759 1304 scire

179 1335 344 1387 poterat
375 1333 411 1373 si
440 1332 518 1374 hoc
552 1334 720 1389 egisset.
768 1332 832 1374 Ex
858 1332 1032 1388 reliquis
1055 1347 1190 1374 unum
1219 1337 1387 1375 tantum
1415 1333 1580 1375 addam.
1624 1333 1760 1373 Πέλα-

183 1418 244 1449 νος
288 1403 389 1458 quid
430 1404 485 1444 sit
524 1402 737 1459 Didymus
780 1403 847 1444 his
890 1404 1029 1445 verbis
1061 1404 1202 1446 docet:
1237 1404 1375 1455 κυρίως
1407 1404 1451 1445 τὸ
1486 1404 1529 1445 ἐκ
1563 1407 1634 1449 τῆς
1667 1419 1760 1445 παι·

183 1472 321 1520 πάλης
355 1472 533 1528 πέμμα,
569 1472 630 1528 [ἐξ
662 1472 703 1522 ἧς
738 1477 944 1516 ποιοῦνται
978 1474 1187 1524 πέμματα
1219 1475 1364 1529 putide
1396 1475 1575 1529 repetita
1607 1487 1761 1528 expun-

182 1559 257 1602 gas
299 1545 458 1600 censeo]
507 1544 527 1593 ἢ
572 1551 664 1586 ΚΑΙ
709 1546 790 1586 ἀπὸ
835 1549 904 1587 τοῦ
949 1545 1236 1587 πεπλατύνθαι
1282 1545 1302 1594 ἢ
1349 1543 1407 1586 ὅτι
1452 1543 1622 1586 λευκά
1666 1545 1759 1588 ἐςιν.

179 1616 361 1667 ’Όμηρος

536 1683 602 1727 ὅτε
635 1687 707 1737 πέρ
739 1702 785 1727 τε
818 1687 916 1738 χιὼν
951 1686 1148 1728 ἐπάλυνεν
1179 1687 1360 1738 ἀρούρας.

183 1757 204 1805 ἢ
248 1757 315 1798 δια
357 1755 402 1797 τὸ
444 1758 615 1808 φανὸν
659 1755 758 1798 εἶναι
791 1755 812 1799 δ’
844 1758 900 1802 ἑςι
935 1757 1091 1799 λευκόν.
1158 1757 1260 1809 Quis
1291 1758 1418 1800 homo
1451 1756 1593 1812 paullo
1626 1759 1763 1800 sanior

182 1827 377 1868 inducere
417 1828 461 1868 in
498 1828 689 1868 animum
723 1830 878 1882 poterit
909 1829 1072 1869 nomini
1105 1828 1276 1873 πέλανος
1312 1828 1543 1883 quidquam
1577 1842 1664 1869 esse
1695 1842 1763 1869 ne-

182 1898 291 1953 gotii
332 1911 427 1938 cum
467 1896 693 1939 Homerico
726 1897 922 1940 παλύνειν
955 1902 1028 1940 aut
1060 1913 1156 1940 cum
1188 1900 1330 1941 Attico
1364 1899 1494 1950 φανός
1527 1898 1764 1954 penultima

181 1967 330 2023 longa,
365 1968 474 2023 quod
505 1982 585 2010 non
619 1968 758 2010 λευκόν
791 1968 1002 2024 significat
1029 1969 1100 2010 sed
1127 1969 1330 2021 λαμπρόν.
1380 1969 1556 2011 Addidit
1584 1970 1762 2024 denique

184 2043 333 2080 notum
366 2052 415 2080 ex
443 2038 658 2094 Euripidis
698 2039 828 2081 Oreste
856 2039 998 2082 locum
1032 2054 1092 2081 vs.
1128 2038 1227 2080 219.

884 2110 927 2151 ἐκ
962 2110 994 2151 δ’
1028 2109 1188 2161 ὄμορξον
1220 2108 1353 2152 ἄθλιον

545 2178 725 2230 ςόματος
758 2180 923 2231 ἀφρώδη
958 2179 1147 2222 πέλανον.

185 2251 303 2305 quasi
347 2249 399 2291 ad
441 2250 769 2307 intelligendum
802 2250 977 2293 πέλανον
1009 2251 1240 2307 quidquam
1275 2252 1440 2294 faceret.
1507 2252 1571 2294 Ex
1603 2253 1670 2295 his
1701 2255 1764 2295 in-

186 2319 397 2376 telligitur
436 2322 480 2362 in
520 2320 708 2377 Didymo
752 2335 914 2377 quoque
948 2326 997 2363 ut
1029 2324 1073 2363 in
1104 2322 1278 2378 reliquis
1310 2322 1520 2379 plerisque
1552 2338 1764 2380 gramma-

184 2392 280 2432 ticis
312 2390 539 2432 tenendum
571 2405 657 2433 esse
689 2391 821 2433 illud:

634 2464 741 2515 νᾶφε
775 2462 842 2504 καὶ
876 2463 1059 2514 μέμνασ’
1091 2465 1267 2508 ἀπιςεῖν.
