1946 3298
912 169 965 214 17

158 313 274 340 σεται
313 298 371 348 μὴ
412 294 529 346 μόνον
570 296 954 346 άποΛΕΙΠΟμενον
985 294 1144 349 φθάσαι
1176 297 1242 338 τὸν
1276 298 1474 350 Προυσίαν
1507 300 1623 342 άλλα
1655 299 1723 342 καὶ

158 369 223 410 τὸν
254 366 485 417 Νικομήδην
518 366 762 419 γηράσαντα
794 367 832 410 ἐν
865 373 915 420 τῇ
947 366 1168 422 βασιλεία·
1202 373 1284 416 πῶς
1313 370 1394 422 γαρ
1422 367 1497 412 οἶόν
1523 387 1568 412 τε
1596 387 1727 412 κατα-

159 443 373 491 ταχήσαι,
419 440 502 484 πῶς
549 437 589 478 δὲ
631 437 1018 489 καταταχήσαντας
1069 439 1294 481 ἁνύσασθαι
1343 446 1462 482 ΤΗΝ
1506 442 1727 492 πρεσβείαν

157 510 263 560 μήτε
297 508 423 554 πόδας
457 507 563 558 μήτε
595 510 782 561 κεφαλήν
813 510 920 559 μήτε
953 509 1118 561 καρδίαν
1152 509 1417 561 ἔχΟΝΤΑΟ.
1474 511 1729 567 Priusquam

157 580 284 621 huius
313 579 395 621 loci
425 578 578 620 menda
607 578 858 633 patefaciam
889 579 1106 621 ostendam
1137 582 1325 636 primum
1358 595 1438 638 quo
1469 585 1591 637 pacto
1627 582 1728 624 haec

157 650 271 692 fama
307 664 330 692 a
360 649 539 705 Polybio
570 651 797 691 memoriae
829 649 994 704 prodita
1025 664 1098 705 per
1130 665 1280 694 manus
1311 653 1606 694 historicorum
1637 665 1729 708 pro-

156 724 311 778 pagata
354 721 491 762 fuerit.
557 720 704 762 Livius
752 720 850 761 hinc
896 734 971 762 sua
1017 723 1170 764 sumsit
1216 724 1261 764 in
1301 723 1496 779 Epitome
1537 723 1637 765 libri
1677 722 1723 764 L.

158 792 262 833 discit
307 791 397 832 Cato
441 805 522 831 eam
564 791 792 843 legationem
833 806 901 832 nec
942 797 1057 845 capnt
1095 808 1164 833 nec
1194 795 1317 847 pedes
1358 809 1427 835 nec
1466 809 1530 835 eor
1577 794 1727 835 babere.

157 862 364 905 Diodorus
410 861 501 918 (qui
549 862 690 902 omnia
735 874 809 902 sua
857 875 880 902 a
920 861 1028 903 libro
1070 862 1421 906 XXV—XXXII
1459 879 1510 906 ex
1549 863 1730 920 Polybio

158 931 390 988 descripsit)
434 931 617 973 XXXII.
653 930 723 973 20.
757 932 922 973 scribit:
955 933 971 973 ὁ
1006 933 1047 974 δὲ
1079 933 1221 975 Κάτων
1248 960 1302 965 -
1326 932 1437 977 εἶπεν
1472 936 1508 976 ἐν
1542 941 1591 987 τῇ
1625 949 1728 984 συγ-

158 1005 295 1055 κλήτῳ
328 1001 425 1044 διότι
453 1002 675 1053 πρεσβείαν
709 1002 994 1053 άποςέλλομεν
1026 1004 1117 1046 οὔτε
1150 1005 1275 1053 πόδας
1303 1005 1394 1048 οὔτε
1421 1007 1610 1057 κεφαλήν
1637 1004 1727 1046 οὔτε

158 1073 323 1125 καρδίαν
366 1072 557 1124 ἔχουσαν.
628 1073 883 1115 Plutarchus
929 1073 1110 1131 diligens
1156 1076 1329 1133 Polybii
1374 1076 1504 1119 lector
1550 1078 1594 1118 in
1641 1077 1731 1119 vita

157 1143 326 1186 Catonis
367 1157 457 1199 cap.
497 1143 574 1185 IX.
608 1148 852 1194 καταγελῶν
885 1144 901 1184 ὁ
935 1144 1079 1186 Κάτων
1112 1144 1232 1197 ἔλεγε
1268 1147 1491 1200 πρεσβείαν
1525 1147 1599 1189 ὑπὸ
1633 1148 1728 1189 Ῥω-

156 1215 287 1266 μαίων
333 1214 635 1259 άποςέλλεσθαι
685 1217 791 1265 μήτε
841 1214 968 1262 πόδας
1016 1217 1124 1266 μήτε
1171 1218 1360 1272 κεφαλὴν
1408 1220 1514 1269 μήτε
1562 1217 1729 1270 καρδίαν

157 1285 345 1338 ἔχουσαν.
409 1287 625 1341 Appianus
666 1285 843 1342 denique
879 1288 923 1328 in
954 1287 1187 1331 Mithrida&
1221 1303 1308 1344 cap.
1343 1288 1414 1331 VI.
1448 1287 1522 1334 ὤςε
1555 1288 1730 1330 Κάτωνα

156 1358 283 1399 εἰπεῖν
326 1359 398 1404 τὴν
442 1356 664 1408 πρεσβείαν
707 1356 863 1404 ταύτην
904 1357 1011 1407 μήτε
1054 1361 1138 1400 νοῦν
1178 1357 1289 1412 ἔχειν
1320 1360 1426 1410 μήτε
1460 1360 1586 1406 πόδας
1620 1359 1726 1409 μήτε

157 1429 359 1480 κεφαλήν.
422 1425 540 1469 Haec
580 1428 742 1476 omnia,
783 1431 832 1469 ut
873 1428 1014 1478 vides,
1058 1443 1107 1470 ex
1149 1444 1231 1472 uno
1262 1430 1436 1487 Polybii
1465 1430 1556 1473 loco
1587 1443 1729 1472 mana-

155 1502 273 1549 runt,
333 1512 458 1553 quem
513 1512 623 1539 nunc
679 1497 821 1552 paullo
880 1499 1208 1542 emendatiorem
1254 1501 1425 1543 reddere
1471 1501 1729 1543 conabimur.

154 1569 349 1610 Primum
387 1568 637 1611 mendosum
680 1572 742 1610 est
783 1569 1103 1619 άπολειπόμενον
1137 1573 1181 1612 in
1212 1572 1352 1614 verbis
1383 1572 1647 1623 συμβήσεται
1671 1595 1729 1602 -

155 1638 474 1690 ἀπολειπόμενον
517 1639 676 1690 φθάσαι
717 1640 784 1681 τὸν
830 1641 1041 1692 Προυσίαν.
1111 1639 1282 1684 Geelius
1326 1643 1628 1686 animadvertit
1668 1643 1730 1685 vi-

155 1713 266 1753 tium
308 1710 380 1752 sed
420 1723 502 1752 non
539 1710 725 1752 sustulit.
788 1710 1010 1753 Dubnerus
1042 1713 1354 1763 άποκλειόμενον
1387 1715 1587 1768 coniecit,
1620 1713 1731 1768 quod

154 1782 372 1823 Bekkerus
415 1781 610 1836 probavit
657 1785 698 1823 et
744 1783 787 1822 in
835 1785 1001 1823 textum
1047 1785 1216 1838 recepit.
1284 1783 1365 1826 Sed
1414 1784 1514 1840 quid
1558 1784 1729 1826 tandem

155 1851 386 1909 Significat:
416 1852 433 1893 ὁ
460 1851 657 1902 Προυσίας
688 1853 889 1905 φθήσεται
923 1853 1351 1904 άποκλειόμενος
1387 1859 1591 1910 antequam
1609 1855 1729 1907 teqati

155 1923 198 1963 in
229 1923 365 1964 Asiam
396 1927 432 1963 et
462 1922 695 1977 Bithyniam
717 1923 1005 1977 pervenerint?
1066 1923 1188 1966 Nihil
1213 1939 1391 1981 prorsus.
1456 1925 1652 1980 Prusias,
1679 1928 1729 1967 ut

154 1997 272 2035 recte
303 1991 406 2036 Cato
446 1993 678 2043 iudicabat,
722 1994 772 2036 de
811 2008 939 2051 regno
978 1998 1019 2036 et
1051 1996 1186 2051 capite
1218 1996 1495 2040 dimicaturus
1528 2001 1617 2039 erat
1647 1998 1729 2039 nisi

152 2064 285 2121 legati
315 2078 443 2119 quam
474 2065 662 2119 primum
692 2065 796 2107 illuc
827 2067 1125 2121 pervenissent.
1173 2066 1401 2123 Propterea
1431 2068 1593 2110 addidit
1626 2069 1728 2121 φθή-

154 2151 270 2177 σεται
303 2135 319 2176 ὁ
353 2135 584 2185 Νικομήδης
619 2135 857 2187 ἐγγηράσας
893 2143 941 2189 τῇ
974 2137 1175 2191 βασιλεία
1203 2141 1297 2180 ante
1324 2138 1548 2195 legationis
1576 2138 1727 2181 adven-

152 2210 268 2255 tum,
302 2220 406 2261 quae
436 2220 511 2248 nec
543 2211 668 2261 caput
692 2220 767 2248 nec
792 2207 917 2262 pedes
944 2221 1019 2249 nec
1047 2221 1115 2250 cor
1141 2208 1325 2250 haberet.
1373 2208 1546 2251 Dixerat
1571 2211 1724 2266 igitur:

153 2276 416 2327 συμβήσεται
450 2277 507 2327 μή
538 2277 655 2327 μόνον
688 2279 974 2328 άποΛΟμενον
1006 2278 1164 2331 φθάσαι
1193 2279 1259 2321 τὸν
1288 2281 1485 2332 Προυσίαν
1513 2280 1629 2322 cimba
1656 2283 1724 2323 καὶ

152 2346 219 2388 τὸν
252 2347 486 2398 Νικομήδην
518 2347 762 2399 γηράσαντα
796 2348 833 2388 ἐν
866 2354 915 2400 τῇ
947 2349 1161 2404 βασιλεία.
1228 2352 1445 2406 Antequam
1476 2352 1574 2393 tales
1606 2354 1728 2406 Zeyati

151 2419 196 2458 in
237 2418 469 2474 Bithyniam
507 2418 757 2472 pervenerint
797 2418 966 2474 (inquit)
1000 2420 1048 2461 de
1078 2420 1226 2461 Prusia
1258 2432 1402 2463 ACTUM
1432 2433 1542 2463 ERIT.
1603 2422 1728 2466 Prae-

118 2494 121 2495 ’
151 2491 265 2530 terea
306 2489 351 2529 in
391 2489 531 2531 verbis
561 2488 789 2530 άνύσασθαι
822 2489 893 2536 την
926 2490 1148 2541 πρεσβείαν
1184 2491 1338 2547 duplex
1368 2492 1571 2534 mendum
1602 2495 1726 2537 inest.

151 2558 349 2600 Abundat
391 2560 504 2600 enim
543 2559 745 2601 articulus
788 2563 828 2601 et
859 2559 1085 2602 άνόσασθαι
1117 2562 1260 2603 minus
1290 2566 1401 2604 recte
1434 2563 1623 2606 absolute
1653 2579 1726 2621 po-

151 2631 277 2671 nitur.
332 2629 477 2684 Itaque
508 2630 804 2687 corrigendam
834 2633 917 2672 est:
952 2635 1033 2678 πῶς
1067 2631 1107 2672 δὲ
1134 2632 1546 2683 καταταχήσΑΕΑΝ
1574 2634 1725 2677 άνύσα-

152 2699 245 2741 σθαί
301 2705 360 2741 ΤΙ
418 2700 640 2752 πρεσβείαν
687 2701 794 2751 μήτε
842 2701 968 2748 πόδας
1015 2703 1121 2752 μήτε
1170 2705 1359 2756 κεφαλὴν
1405 2704 1512 2755 μήτε
1559 2706 1725 2760 καρδίαν

152 2770 422 2823 ἕχοΎοΑΝ;

210 2841 306 2898 Ipsa
338 2839 508 2883 Catonis
534 2843 661 2884 verba
692 2841 841 2885 Livius
873 2845 1069 2887 servavit.
1138 2844 1210 2886 Cor
1238 2845 1378 2887 babere
1407 2845 1609 2889 Latinum
1642 2852 1724 2904 est,

153 2912 363 2955 Graecum
395 2915 480 2954 νοῦν
513 2910 647 2969 ἔχειν,
679 2927 761 2957 non
794 2913 961 2967 καρδίαν
993 2913 1121 2967 ἔχειν,
1159 2914 1269 2970 quod
1301 2913 1458 2960 Graece
1489 2917 1571 2960 alio
1603 2932 1726 2962 sensu

347 2997 400 3029 11.
1508 2990 1526 3017 2
