1946 3298
910 160 996 203 155

165 287 382 330 sationibus
417 292 626 342 qaudeant.
687 287 737 329 In
778 286 1005 342 archetypo
1045 283 1199 328 Codice
1244 284 1485 330 Florentino
1530 288 1739 343 scriptum

166 361 228 400 est
260 357 421 409 κόμοις,
455 361 500 401 in
532 373 615 415 quo
645 358 751 400 latet
782 361 968 407 κομμοῖς.

227 429 377 471 Suidae
421 443 533 472 error
572 428 748 479 κομμόςε
787 428 992 480 περίεργος
1025 426 1221 478 κόσμησις
1252 429 1455 483 imposuit
1486 427 1738 470 Lexicorum

166 499 468 550 conditoribus,
503 501 575 556 qui
605 499 707 541 haec
738 512 837 540 sana
868 500 910 539 et
936 511 1036 541 vera
1067 512 1154 540 esse
1186 498 1420 541 credebant.

227 638 344 681 Suid.
377 653 419 683 v.
462 638 624 681 Κονιά
665 638 682 680 ὂ
717 637 1085 690 κονιορτός.-καὶ
1129 640 1507 691 κονιορτοῦται
1550 636 1618 680 καὶ
1661 652 1738 679 κο·

170 709 457 761 νιωμένους
501 709 639 755 κόνεως
682 707 1034 760 πεπληρωμένους.
1096 708 1367 766 Legendum:
1407 708 1476 750 καὶ
1509 707 1741 758 ΚΕκονΙμέ·

169 795 268 827 νους.
334 780 444 832 Quid
485 782 627 822 notius
670 783 732 822 est
773 781 818 821 in
859 793 907 821 ea
942 793 986 821 re
1018 793 1146 835 quam
1179 778 1450 830 κεκονιμένος;
1485 792 1509 821 a
1540 792 1620 833 quo
1652 781 1741 820 toto

169 849 283 892 coelo
325 850 455 892 distat
496 850 700 892 κονιοῖσθαι
744 853 787 892 et
829 851 1014 891 κονιαταί
1045 853 1086 892 et
1117 849 1316 897 κονιατός.
1380 849 1463 891 Pro
1494 847 1738 898 κεκονιμένος

166 920 373 977 Hesychii
414 919 554 963 Codex
596 920 873 971 κεκονιαμένος
914 924 1012 963 noto
1055 934 1188 963 errore
1219 920 1400 963 exhibet.
1450 919 1621 962 Primus
1651 931 1740 960 om-

167 992 286 1032 nium
321 989 534 1033 Homerus
566 991 674 1033 dixit
703 990 824 1032 Iliad.
863 997 909 1032 Φ.
949 991 1049 1033 541.

581 1061 822 1112 κεκονιμένοι
856 1062 900 1102 ἐκ
933 1061 1082 1103 πεδίοιο
1117 1064 1286 1113 Φεῦγον.

225 1201 341 1245 Suid.
373 1217 415 1246 v.
449 1208 634 1256 Κορεῖν
667 1208 831 1253 κοσμεῖν
863 1201 1039 1253 βίβλους
1074 1202 1095 1251 ἣ
1129 1202 1291 1254 σαίρειν.
1341 1201 1459 1244 Haec
1490 1215 1614 1244 nemo
1646 1214 1742 1243 um-

169 1288 296 1330 quam
339 1274 566 1331 intelliget.
628 1274 838 1316 Emenda:
880 1278 1005 1325 κορεῖν
1047 1272 1271 1323 βέλτιον
1314 1273 1335 1321 ἢ
1380 1272 1539 1324 σαίρειν.
1605 1271 1675 1314 sic
1708 1271 1740 1312 οἱ

171 1346 386 1389 ἁττικιςοιί
427 1345 543 1401 loqui
586 1345 730 1387 solent.
794 1344 995 1386 Photius:
1040 1344 1264 1395 σαίρεινε
1309 1343 1351 1384 οὐ
1383 1346 1548 1393 exposu-
1580 1344 1742 1392 μᾶλλον

169 1415 211 1457 δὲ
251 1421 421 1469 κορεῖν
451 1416 653 1467 λέγουσιν.
717 1415 875 1467 Σαίρειν
907 1413 1183 1470 Tragicorum
1214 1417 1299 1469 est,
1333 1419 1456 1466 κορεῖν
1487 1411 1650 1468 populi.

230 1544 348 1587 Suid.
382 1560 421 1589 v.
457 1545 852 1598 Κραιποολώδης
883 1543 1038 1586 -εἴτε
1072 1542 1355 1595 κραιπαλώδης
1389 1558 1450 1589 τις
1483 1541 1542 1590 εἴη
1574 1541 1642 1583 καὶ
1671 1540 1743 1591 μέ-

170 1615 280 1662 θυσος
324 1615 406 1658 εἴτε
453 1618 666 1669 φιλήδονος
710 1616 778 1657 καὶ
824 1616 862 1656 ἐν
904 1620 985 1661 τοῖς
1033 1614 1192 1659 αἰδοίοις
1238 1614 1343 1666 ἔχων
1385 1614 1452 1655 τὸν
1493 1613 1742 1664 ἐγκέφαλον.

167 1687 360 1743 Agnosco
402 1687 551 1729 stilum
593 1686 760 1729 Aeliani
802 1687 1067 1742 ineptissima
1110 1698 1296 1740 quaeque
1337 1683 1625 1739 pulcherrima
1657 1695 1743 1724 esse

168 1758 391 1811 opinantis.
455 1757 665 1799 imitando
699 1759 817 1799 auxit
849 1759 979 1799 etiam
1011 1756 1241 1798 absurdum
1269 1755 1505 1811 Hegesippi
1534 1766 1744 1796 commen-

168 1829 285 1874 tum,
331 1830 404 1883 qui
441 1830 484 1869 in
516 1830 700 1870 oratione
735 1828 821 1880 περὶ
856 1829 1074 1876 ‘Ammo-ov
1109 1828 1234 1882 (inter
1265 1825 1611 1868 Demosthenicas
1641 1836 1739 1879 pag.

170 1895 260 1949 88.)
291 1898 564 1955 frigidissime
595 1899 722 1940 dixit:
756 1898 866 1950 εἴπερ
900 1899 1013 1947 ὑμεῖς
1046 1898 1113 1939 τὸν
1146 1898 1186 1947 ε’)
1200 1898 1382 1947 κέφαλον
1416 1895 1454 1936 ἐν
1489 1898 1571 1940 τοῖς
1604 1893 1744 1946 κροτά-

168 1971 261 2021 Φοις
295 1969 363 2009 καὶ
397 1970 456 2020 μὴ
489 1970 527 2011 ἐν
563 1974 657 2016 ταῖς
687 1970 875 2022 πτέρναις
909 1967 1314 2018 καταπεπατημένον
1349 1971 1530 2021 φορεῖτε.

231 2091 362 2147 Saepe
409 2104 542 2133 crases
588 2093 632 2133 in
680 2090 799 2132 libris
844 2092 1038 2132 veterum
1085 2088 1400 2145 grammaticis,
1452 2085 1595 2141 quales
1648 2088 1745 2127 sunt

170 2162 411 2219 Hesychius
450 2165 491 2204 et
532 2160 683 2204 Suidas
714 2163 1020 2216 imposuerunt.
1081 2159 1324 2215 Hesychius
1355 2171 1511 2214 magna
1537 2158 1747 2213 gravitate

171 2233 364 2285 Πιχείρια
411 2236 452 2274 et
498 2232 658 2274 Πινίκια
704 2234 749 2274 in
795 2231 983 2274 ordinem
1023 2231 1181 2285 recepit
1222 2232 1263 2270 et
1306 2227 1458 2270 Suidas
1499 2226 1655 2275 Παιόλκ
1706 2229 1747 2268 et

172 2303 396 2354 Παιόλημα
429 2317 597 2345 securus
625 2303 814 2345 admlttit
842 2303 940 2357 quia
972 2301 1083 2356 apud
1113 2299 1437 2354 Aristophanem
1478 2297 1640 2355 legerat
1677 2296 1746 2339 καὶ

175 2372 391 2424 παιόλημα
433 2387 508 2429 pro
550 2373 839 2423 καπαιόλημα.
903 2372 1085 2414 Dederat
1128 2373 1270 2412 tamen
1302 2382 1376 2411 suo
1407 2368 1498 2411 loco
1540 2366 1750 2411 Ἀπαιό-

174 2454 338 2496 λημαε
375 2445 609 2495 οέποὲτκμα,
642 2444 713 2487 sed
745 2443 902 2486 oblitus
935 2445 1036 2485 erat.

236 2563 334 2607 Sine
374 2564 463 2606 ulla
503 2564 609 2606 mali
645 2565 878 2619 suspicione
921 2561 1073 2604 Suidas
1116 2562 1283 2616 scripsit
1323 2559 1435 2602 κατὰ
1468 2565 1641 2611 ςοιχεῖον
1675 2573 1749 2603 suo

176 2634 267 2678 loco
308 2636 373 2678 his
416 2635 660 2689 Πεζαίτεροι.
726 2634 820 2676 Non
853 2636 915 2675 est
946 2635 1080 2690 igitur
1112 2631 1353 2674 mirandum
1384 2633 1429 2672 in
1459 2630 1669 2686 plerisque
1700 2631 1752 2673 li-

174 2707 260 2749 bris
301 2707 430 2748 etiam
470 2706 664 2762 perbonis
705 2709 747 2747 et
790 2705 1049 2760 perantiquis
1090 2716 1165 2758 pro
1198 2700 1426 2754 πεζέταιροι
1459 2701 1586 2743 scribi
1617 2700 1748 2744 solere

179 2776 423 2829 πεζαίτεροι.

239 2895 465 2952 Repererat
491 2895 642 2940 Suidas
669 2896 779 2954 apud
806 2896 1042 2954 Diogenem
1068 2894 1287 2939 Laertium
1311 2893 1517 2951 glossam:
1551 2900 1589 2936 Π
1602 2903 1752 2947 ελαρε
