1946 3298
945 153 1026 195 591

263 277 395 320 Addit
424 277 702 320 Plutarchus:
740 279 822 324 Ὠς
857 277 981 326 ὤνητό
1013 277 1058 330 γ’
1093 278 1143 321 ἂν
1176 280 1348 321 ἐνταῦθα
1381 282 1451 321 τοῦ
1483 280 1575 331 βίου
1611 277 1775 322 παυσά-

203 364 319 398 μενος
353 346 451 401 άχρι
483 345 527 389 οὗ
563 349 634 395 την
668 346 936 400 Ἀλεξάνδρου
969 348 1101 402 τύχην
1136 349 1272 402 ἔσχεν.
1316 349 1364 391 In
1395 349 1515 392 libris
1543 354 1604 392 est
1632 350 1773 399 ὤνητο,

203 417 354 467 ὤνατο,
398 418 550 467 ὤνοιτο,
595 431 772 473 quorum
806 418 929 461 ὤνατο
962 434 1112 462 verum
1147 424 1220 462 est.
1285 420 1446 462 Deinde
1477 422 1692 475 perinepte
1723 436 1775 470 γε

202 490 247 530 in
280 489 357 530 tali
388 503 432 530 re
458 489 748 543 interponitur.
798 489 1047 545 Legendum
1075 492 1232 546 igitur:
1261 492 1310 537 ὡς
1344 491 1490 532 ὤνατ’
1524 490 1574 531 ἂν
1601 490 1776 531 ἐνταῦθα

203 562 273 601 τοῦ
306 559 396 609 βίου
429 558 707 607 παυσάμενος.
743 575 866 615 quam
887 561 1097 616 praeclare
1127 577 1216 602 cum
1249 576 1290 602 eo
1316 569 1450 602 actum
1470 561 1621 616 fuisset
1647 562 1682 601 si
1707 559 1776 600 illo

205 639 382 687 tempore
411 631 632 672 eam-essisset
663 644 682 670 e
714 631 826 671 vita!

264 700 326 742 Of.
363 700 606 742 Ciceronem
638 701 681 740 in
721 700 878 742 Tuseul.
917 700 1093 753 Quaestt.
1128 701 1159 742 Ι.
1196 700 1262 743 35.
1298 703 1440 757 ibique
1472 703 1731 756 interpretes.

265 841 459 896 Pompeii
503 838 572 882 47.
620 839 691 882 18.
743 839 891 881 Caesar
933 839 1081 882 Consul
1113 850 1267 883 creatus
1300 841 1413 888 εὐθὺς
1449 841 1673 892 θεραπεύων
1710 840 1776 881 τὸν

207 912 352 963 ἄπορον
395 911 462 952 καὶ
507 910 663 957 πένητα
708 911 918 956 κατοικίας
963 910 1117 952 πόλεων
1153 912 1221 951 καὶ
1257 912 1382 960 νομάς
1413 912 1546 961 ἀγρῶν
1579 909 1775 961 ἔγραφεν.

206 982 391 1039 Egregie
446 980 584 1035 placet
642 979 807 1022 Reiskii
866 980 1128 1022 emendatio:
1190 981 1256 1022 τὸν
1315 981 1457 1033 ἄπορον
1507 981 1574 1022 καὶ
1623 979 1778 1028 πένητα

201 1054 452 1100 ”ΟΧΛΟΝ,
489 1052 570 1092 nisi
603 1050 712 1104 quod
743 1049 866 1103 ὄχλον
898 1054 992 1105 post
1023 1049 1166 1102 ἄπορον
1200 1053 1390 1094 inseruit.

267 1190 462 1245 Pompeii
495 1187 563 1230 48.
600 1187 640 1229 2.
676 1188 821 1240 Βύβλῳ
855 1204 900 1229 τε
933 1189 1015 1240 γάρ
1044 1190 1099 1234 εἷς
1128 1190 1282 1239 ἀγορὰν
1312 1191 1381 1245 [τῷ
1408 1189 1567 1244 ὑπάτω]
1599 1187 1780 1231 κατιόντι

211 1287 263 1292 -
297 1260 415 1312 άφνω
450 1259 761 1310 προσπεσόντες.
824 1259 1025 1301 Potuitne
1058 1259 1256 1302 alieniore
1287 1260 1378 1302 loco
1407 1275 1533 1315 quam
1562 1261 1640 1302 hoc
1668 1272 1782 1315 pror-

208 1345 278 1372 sus
307 1344 661 1385 supervacaneum
690 1332 743 1381 τῷ
773 1329 913 1380 ὑπάτῳ
940 1329 1176 1385 interponi?
1222 1330 1426 1372 Bibulum
1466 1345 1552 1372 esse
1593 1330 1782 1372 Caesaris

204 1404 248 1443 in
281 1399 513 1443 Consulatu
546 1400 753 1456 collegam
785 1399 927 1455 paullo
960 1404 1055 1441 ante
1088 1401 1250 1442 dixerat
1284 1399 1354 1443 47,
1390 1401 1461 1443 21.

266 1541 460 1595 Pompeii
507 1539 575 1580 52.
620 1538 691 1580 20.
737 1539 904 1580 habebat
945 1540 1170 1596 Pompeius
1212 1539 1392 1591 τέσσαρα
1435 1539 1646 1591 τάγματα
1683 1556 1781 1590 ςρα-

204 1615 377 1658 τιωτῶν,
415 1607 462 1651 ὧν
498 1609 738 1661 ἘΠέχρησε
771 1608 837 1650 δύο
870 1609 1042 1661 Καίσαρι
1076 1610 1247 1658 δεηθέντι
1283 1611 1378 1661 πρὸς
1413 1610 1479 1652 τὸν
1517 1612 1554 1651 ἐν
1588 1610 1782 1663 Γαλατίᾳ

204 1682 395 1730 πόλεμον.
459 1680 729 1731 Ἐπικίχρημι
772 1693 853 1722 non
896 1683 958 1722 est
998 1681 1176 1722 verbum
1225 1679 1459 1731 Graecum,
1504 1681 1657 1723 nedum
1698 1681 1783 1721 ε’πι-

203 1751 342 1804 χράω,
386 1751 496 1793 unde
533 1751 785 1792 Lexicorum
819 1750 1051 1793 conditores
1086 1752 1288 1803 ἐπέχρησε
1322 1756 1530 1807 repetunt.
1596 1751 1783 1793 Restitu-

205 1823 361 1865 endum
393 1826 455 1864 est
487 1821 666 1876 simplex
699 1818 747 1861 ὧν
775 1823 961 1874 ’Ἑχρησε
992 1821 1083 1870 δύο,
1122 1837 1202 1877 quo
1229 1824 1356 1865 verbo
1383 1827 1425 1865 et
1456 1823 1609 1878 reliqui
1638 1836 1781 1864 omnes

204 1898 246 1935 et
292 1892 546 1934 Plutarchus
592 1894 637 1933 in
685 1906 733 1933 ea
779 1906 822 1932 re
870 1896 1107 1934 constanter
1147 1897 1341 1935 utuntur.
1387 1894 1437 1935 cf.
1486 1892 1554 1934 56.
1602 1893 1670 1934 16.
1702 1893 1780 1938 τας

206 1962 396 2013 δυνάμεις
430 1964 615 2004 άπαιτῶν
648 1957 697 2006 ἃς
731 1960 899 2014 ἔχρησεν
936 1964 1060 2014 αὐτῷ.
1097 1968 1138 2005 et
1173 1964 1240 2007 57.
1272 1963 1342 2005 20.
1373 1963 1542 2016 κομίζων
1571 1964 1614 2005 ἐκ
1642 1969 1784 2005 Γαλα-

203 2034 296 2082 τίας
330 2028 373 2080 ἣν
407 2032 556 2086 ἔχρησε
590 2035 800 2083 Πομπήϊος
835 2034 1008 2085 Καίσαρι
1042 2034 1236 2086 ςρατιάν,
1272 2040 1313 2076 et
1346 2035 1518 2089 passim.

264 2172 460 2226 Pompeii
504 2171 574 2214 53.
611 2172 651 2214 1.
692 2172 756 2213 ἐπὶ
791 2171 946 2219 τούτοις
979 2172 1021 2214 δὲ
1055 2173 1393 2222 θαυμασΤΩθεὶς
1427 2172 1495 2213 καὶ
1530 2171 1779 2222 άγαπηθείς.

205 2243 316 2284 Faex
359 2241 660 2285 Graeculorum
702 2245 936 2291 θαυμαςοῦν
969 2243 1132 2285 dicebat
1163 2257 1237 2298 pro
1268 2243 1511 2297 θαυμάζειν,
1547 2246 1594 2284 ut
1627 2243 1783 2285 αναςα-

205 2316 296 2354 τοῦν
340 2327 413 2368 pro
458 2312 668 2362 άνιςάναι,
703 2316 744 2354 et
777 2312 859 2354 alia
890 2313 1208 2368 huiuscemodi,
1242 2327 1347 2369 quae
1379 2327 1697 2369 nonnumquam
1730 2314 1784 2354 ir-

205 2387 356 2440 repunt
387 2386 429 2426 in
462 2385 617 2439 scripta
650 2385 950 2438 antiquiorum.
1014 2384 1163 2439 Itaque
1195 2385 1479 2440 reponendum
1510 2384 1780 2434 θαυμασθείς,

205 2455 313 2510 quod
348 2453 499 2498 Graeci
530 2469 673 2497 omnes
705 2456 748 2496 in
783 2468 829 2496 ea
861 2469 904 2496 re
936 2468 1100 2509 semper
1130 2455 1285 2497 habent
1316 2457 1360 2496 in
1392 2469 1475 2497 ore.

263 2594 457 2650 Pompeii
493 2593 562 2636 53.
599 2593 668 2636 35.
703 2593 790 2635 ἐπεὶ
827 2593 860 2634 δ’
894 2594 1050 2635 άνεῖλεν
1086 2595 1106 2642 ἦ
1140 2593 1250 2646 τύχη
1284 2595 1350 2636 τὸν
1380 2594 1543 2648 ἔφεδρον
1573 2599 1642 2638 τοῦ
1672 2598 1781 2647 027AE-

205 2681 266 2711 νος
300 2665 413 2711 εὐθὺς
449 2663 492 2712 ἦν
525 2666 652 2707 εἰπεῖν
688 2665 732 2706 τὸ
766 2664 960 2715 κωμικόν·

507 2737 556 2783 ὡς
590 2733 729 2786 ἅτερος
763 2735 858 2787 πρὸς
890 2735 957 2775 τὸν
987 2732 1116 2787 ἕτερον
1149 2736 1454 2789 ὑπαλείφεται,

507 2808 560 2848 τὼ
594 2805 707 2859 χεῖρέ
740 2807 772 2846 θ’
807 2806 1073 2848 ὑποκονίεται.

268 2876 524 2929 Κακόμετρος
552 2880 594 2919 et
626 2875 736 2919 nihil
766 2876 924 2919 habens
956 2878 1117 2922 senario
1152 2876 1292 2920 simile
1323 2879 1435 2933 prior
1466 2878 1698 2921 versiculus
1731 2893 1781 2928 ex
