1946 3298
1019 189 1063 219 VI

256 302 455 357 quosdam
482 303 698 359 theologos
724 303 857 344 facere
888 302 1105 350 videmus,
1140 313 1321 354 namque
1354 300 1479 340 unius
1511 299 1712 353 cuiusque
1744 297 1827 339 loci

255 389 405 424 natura
449 387 490 425 et
536 383 694 425 indoles
735 396 808 437 per
851 395 893 423 se
936 382 1113 436 spectari
1158 384 1198 421 et
1239 379 1446 433 explorari
1488 378 1611 421 debet
1643 381 1692 419 ut
1723 377 1828 419 olim

257 464 410 504 amissa
437 465 592 505 veritas
627 464 875 518 reperiatur,
911 462 981 503 sed
1013 461 1145 502 facem
1178 458 1356 514 praefert
1381 459 1425 499 in
1452 459 1634 500 tenebris
1659 456 1830 499 Palaeo-

256 543 454 599 graphia,
495 543 546 584 ad
580 544 698 584 cuius
729 542 869 584 lucem
901 543 1102 583 vitiorum
1137 540 1343 595 originem
1376 541 1418 579 et
1448 551 1692 593 progressus
1724 542 1829 578 tam·

257 636 383 677 quam
422 622 554 664 oculis
596 624 804 664 cernimus
846 626 887 663 et
927 621 1122 662 manibus
1163 624 1355 661 tenemus
1367 632 1376 668 ;
1424 631 1504 672 quo
1541 617 1724 659 subsidio
1757 618 1830 672 qui

257 705 368 744 caret
410 703 444 744 si
487 706 626 744 tamen
671 706 732 743 est
774 704 919 743 acutus
963 704 1003 742 et
1034 701 1249 755 perspicax
1281 700 1434 754 poterit
1466 697 1683 753 complura
1712 699 1829 754 inge·

256 784 370 824 niose
411 783 665 838 excogitare,
712 781 784 823 sed
827 781 957 822 deerit
999 781 1042 821 in
1085 779 1292 834 plerisque
1333 779 1353 826 ἡ
1388 778 1580 830 ἐνάργεια
1612 782 1653 820 et
1686 779 1707 826 ἡ
1743 794 1827 819 πει-

258 863 468 912 banayan,
525 875 650 917 quam
698 862 1003 903 observationes
1050 859 1418 916 palaeographicae
1471 859 1659 901 afferunt.
1733 859 1828 900 Non

258 943 471 992 omnibus,
515 944 559 983 in
600 942 751 996 quibus
788 945 849 983 est
881 941 1050 997 egregia
1083 940 1133 981 ad
1166 944 1298 981 artem
1333 940 1522 981 criticam
1555 938 1827 980 exercendam

257 1022 435 1072 indoles,
471 1024 677 1078 contingit
707 1026 755 1063 ut
787 1020 957 1063 Codices
988 1023 1168 1070 veteres,
1202 1019 1413 1074 praeclara
1444 1020 1708 1073 antiquitatis
1738 1031 1828 1059 mo-

258 1106 478 1151 numenta,
525 1102 596 1143 diu
630 1105 671 1143 et
703 1101 889 1142 multum
921 1114 1083 1143 versare
1116 1104 1156 1141 et
1189 1100 1401 1155 explorare
1432 1101 1601 1154 possint.
1666 1099 1830 1153 Nempe

259 1195 381 1224 cursu
426 1195 564 1223 rerum
608 1186 648 1223 et
692 1184 932 1235 temporum
973 1182 1033 1222 ita
1074 1182 1213 1222 evenit
1251 1184 1299 1221 ut
1336 1180 1410 1221 ubi
1437 1184 1572 1221 essent
1604 1180 1757 1235 optimi
1789 1184 1831 1221 et

259 1263 540 1303 vetustissimi
580 1261 678 1302 libri
720 1260 824 1302 Mss.
866 1261 927 1302 ibi
970 1258 1117 1302 Critici
1150 1264 1221 1302 aut
1253 1260 1362 1301 nulli
1395 1264 1533 1301 essent
1563 1263 1636 1301 aut
1667 1259 1829 1301 nullius

258 1342 406 1395 pretii,
450 1345 490 1383 et
532 1345 672 1383 contra
715 1341 856 1382 floreat
899 1340 1055 1382 Critica
1097 1354 1162 1382 ars
1202 1341 1311 1395 apud
1345 1354 1413 1383 eos
1445 1341 1520 1382 ubi
1552 1340 1724 1382 Codices
1757 1343 1830 1382 aut

259 1420 368 1463 nulli
411 1423 494 1462 sint
538 1426 610 1463 aut
649 1421 808 1462 nullius
849 1422 1066 1462 momenti.
1132 1420 1270 1472 Quum
1305 1425 1399 1463 ante
1430 1421 1505 1463 hos
1538 1434 1665 1463 annos
1698 1420 1830 1462 ferme

259 1501 537 1557 quadraginta
582 1514 725 1543 omnes
771 1499 942 1543 Codices
991 1498 1168 1543 Graecos
1215 1503 1259 1542 in
1304 1501 1567 1544 Bibliotheca
1612 1501 1827 1550 Medicea,

259 1580 474 1629 Vaticana,
506 1580 722 1623 Marciana
753 1580 897 1622 sedulo
929 1586 1188 1631 excuterem,
1219 1583 1312 1636 quis
1339 1585 1427 1623 erat
1453 1582 1707 1631 Florentiae,
1737 1582 1830 1635 quis

260 1660 442 1711 Romae,
471 1662 564 1716 quis
589 1660 774 1703 Vens-tiis
801 1662 871 1715 qui
899 1659 1056 1703 Graece
1082 1659 1230 1703 sciret?
1255 1661 1390 1704 Nemo
1406 1661 1544 1703 hercle
1558 1664 1720 1716 praeter
1737 1673 1828 1714 eos,

261 1744 333 1796 qui
371 1755 542 1797 peregre
585 1741 820 1783 studiorum
863 1754 986 1782 causa
1026 1743 1070 1782 in
1111 1741 1278 1783 Italiam
1310 1746 1522 1784 venerant.
1585 1741 1667 1783 Sed
1697 1741 1830 1783 libera

260 1836 370 1864 nunc
407 1822 530 1864 Italia
562 1825 623 1863 est
657 1826 697 1863 et
730 1823 865 1876 coepit
895 1826 965 1868 τῆς
999 1826 1075 1863 τῶν
1108 1821 1307 1873 προγόνων
1339 1823 1484 1874 ἀρετῆς
1520 1823 1798 1873 ἀνερασθῆναι.

320 1902 414 1945 Νο11
459 1901 617 1944 infitior
663 1903 697 1943 si
745 1902 813 1943 cui
859 1903 970 1956 ipsas
1018 1902 1282 1944 membranas
1329 1906 1489 1945 veteres
1532 1906 1709 1944 tractare
1748 1915 1830 1944 non

261 1984 461 2039 contigit,
503 1982 612 2024 illud
655 1982 857 2023 damnum
897 1981 1198 2036 quadamtenus
1229 1984 1372 2024 sarciri
1403 1997 1520 2038 posse
1551 1987 1662 2025 recte
1694 1987 1736 2025 et
1768 1997 1829 2025 sa-

259 2065 421 2118 pienter
462 2062 615 2104 utendo
647 2061 734 2103 illis
765 2063 919 2116 copiis,
955 2075 1056 2116 quas
1089 2060 1236 2103 Critici
1269 2062 1411 2104 sedulo
1443 2063 1628 2118 undique
1660 2077 1828 2120 conges-

260 2147 422 2192 serunt,
457 2143 527 2184 sed
558 2141 763 2197 plurimas
796 2155 842 2182 ea
872 2155 936 2182 res
964 2145 1005 2183 et
1031 2143 1237 2183 maximas
1262 2143 1388 2184 habet
1416 2144 1628 2185 cautiones
1655 2147 1696 2185 et
1723 2143 1829 2185 diffi-

259 2223 459 2271 cultates,
489 2223 700 2277 imprimis
728 2234 774 2262 eo
802 2221 912 2275 quod
939 2219 1087 2263 Critici
1113 2221 1224 2264 male
1251 2223 1384 2264 seduli
1413 2237 1462 2265 ex
1488 2224 1682 2265 omnibus
1708 2223 1830 2265 libris

260 2303 429 2358 optimis
468 2303 660 2356 pessimis
703 2302 908 2342 sentinam
940 2300 1169 2343 lectionum
1201 2303 1325 2344 nihili
1357 2305 1401 2344 in
1432 2317 1565 2344 unum
1598 2306 1829 2358 comporta-

260 2387 382 2436 runt,
425 2395 530 2436 quae
569 2380 802 2437 legentium
836 2381 1023 2422 animum
1057 2382 1150 2423 odio
1183 2396 1350 2425 enecare
1382 2388 1575 2438 possunt,
1610 2384 1682 2425 sed
1713 2385 1830 2440 inge-

261 2464 379 2504 nium
441 2460 550 2502 alere
596 2465 637 2502 et
684 2474 828 2502 acuere
874 2473 954 2502 non
1002 2466 1187 2516 possunt.
1259 2463 1511 2518 Nuperrime
1558 2464 1666 2505 mihi
1714 2465 1832 2506 misit

262 2544 481 2598 Augustus
512 2540 681 2590 Nauck,
716 2541 781 2582 vir
813 2544 960 2582 acutus
992 2548 1033 2583 et
1063 2544 1278 2597 perspicax
1311 2544 1346 2585 si
1375 2545 1467 2599 quis
1491 2544 1622 2594 alius,
1650 2547 1832 2600 priorem

262 2626 424 2678 partem
456 2621 633 2663 Homeri
664 2620 817 2662 Iliados
848 2637 931 2662 eum
955 2623 1109 2675 potiore
1135 2624 1309 2665 lectionis
1334 2625 1523 2666 varietate
1549 2639 1572 2666 a
1596 2639 1638 2668 se
1660 2626 1831 2668 editam.

263 2703 459 2745 Continet
490 2716 537 2743 ea
558 2702 694 2755 potior
720 2701 912 2744 lectionis
943 2704 1122 2745 varietas
1153 2705 1378 2759 scripturas
1403 2705 1607 2747 Codicum
1635 2720 1830 2761 quorum-

265 2784 359 2825 dam
389 2782 798 2835 Vindobonensium‚
826 2796 961 2824 meras
986 2784 1233 2838 quisquilias
1260 2789 1301 2826 et
1329 2785 1497 2827 nullum
1515 2788 1684 2829 omnino
1705 2801 1830 2830 usum

262 2863 484 2912 habentes,
518 2865 567 2903 ut
597 2863 640 2902 in
673 2875 754 2903 uno
786 2862 877 2904 loco
909 2863 1122 2905 ostendam
1156 2863 1278 2906 Iliad.
1312 2872 1356 2907 Z.
1392 2864 1489 2907 335.
