1946 3298
921 168 1007 232 340

235 296 397 344 Iterum
436 299 509 343 diu
552 302 592 342 et
624 296 812 341 multum
846 312 944 342 cum
974 300 1082 342 bove
1113 299 1202 356 egit
1234 295 1301 339 καὶ
1337 296 1392 344 εἰς
1424 295 1469 339 τὸ
1503 292 1565 343 οὖς
1598 295 1752 344 πολλὴν

176 369 276 424 ὤραν
319 370 634 425 προσψιθυρίσας
678 371 732 423 τῷ
774 370 905 422 ταύρῳ
941 370 1030 426 (qui
1062 371 1232 426 ingenio
1264 368 1408 424 paullo
1439 369 1596 411 tardior
1626 369 1755 410 fuisse

176 443 360 498 videtur)
393 443 563 485 tandem
596 443 635 484 ei
660 443 867 497 persuasit
893 445 941 482 ut
969 456 992 483 a
1023 441 1217 482 fabarum
1243 454 1317 482 esu
1344 440 1584 482 abstineret.
1617 440 1757 494 Atque

175 514 255 556 hae
295 516 476 569 ineptiae
518 514 698 555 insertae
740 516 838 554 sunt
876 511 1099 567 praeclaris
1140 510 1386 553 Dicaearchi
1429 514 1470 552 et
1517 509 1758 552 Aristoxeni

178 586 447 627 testimoniis.
511 583 725 638 Quidquid
765 583 816 625 de
856 582 1127 639 Pythagorae
1159 585 1200 624 et
1231 581 1600 638 Pythagoreorum
1632 579 1758 622 absti-

178 657 320 697 nentia
363 669 385 697 a
426 655 619 697 fabarum
662 668 734 696 esu
778 653 843 709 (ut
884 652 1078 695 nonnulli
1121 652 1220 694 adeo
1263 656 1445 694 mortem
1485 652 1599 694 obire
1631 664 1759 705 quam

177 727 285 768 fabis
317 727 429 769 vesci
461 725 707 778 maluerint)
740 728 956 781 nugantur
988 724 1209 778 scriptores
1241 723 1511 771 recentiores,
1547 721 1596 763 de
1624 720 1758 763 nihilo

180 811 266 839 esse
293 796 390 839 ficta
415 796 598 839 declarat
625 797 832 837 eximium
860 795 1100 836 Aristoxeni
1127 795 1421 836 testimonium
1439 793 1549 848 apud
1567 790 1758 835 Gellium

179 868 233 911 N.
266 870 316 911 A.
351 868 400 910 de
433 881 513 923 quo
544 867 652 910 infra
685 866 886 909 dicemus.

239 940 386 997 Pergit
416 953 582 981 narrare
613 941 795 995 nugator
826 938 977 979 bovem
1010 935 1141 979 semel
1173 949 1196 977 a
1222 935 1469 992 Pythagora
1495 934 1760 977 admonitum

177 1011 349 1067 posthac
393 1024 555 1065 semper
597 1009 703 1051 fabis
737 1009 1000 1051 abstinuisse.
1065 1006 1217 1049 Mirari
1251 1006 1413 1048 desines
1444 1007 1518 1048 ubi
1550 1005 1760 1048 audiveris

179 1082 246 1124 τὸν
288 1082 386 1132 βοῦν
432 1082 576 1123 ἐκεῖνον
611 1106 664 1111 -
698 1079 811 1121 κατὰ
855 1080 900 1120 τὸ
943 1084 1015 1127 τῆς
1051 1076 1179 1129 ’Ἤρας
1211 1076 1308 1129 ἱερὸν
1343 1077 1538 1133 (Tm-engi)
1573 1077 1760 1127 γηρῶντα

179 1152 518 1203 διαμεμενηκέναι
555 1177 610 1183 —
645 1152 719 1193 ὑπὸ
764 1149 926 1192 πάντων
967 1149 1231 1202 ἀνθρωπίναις
1264 1152 1437 1200 τροφαῖς
1471 1154 1758 1198 σιτΟΥμενον,

180 1221 229 1272 ἃς
263 1224 293 1266 οἱ
327 1226 587 1270 ἁπαντῶντες
622 1223 732 1275 αὐτῷ
767 1221 1027 1274 προσώρεγον.
1093 1219 1161 1262 Sic
1193 1221 1328 1276 igitur
1361 1219 1598 1261 abstinebat
1628 1219 1761 1267 fabis,

180 1310 282 1352 quas
309 1309 430 1338 nemo
459 1294 597 1337 dabat.
641 1292 894 1335 Mendosum
923 1295 985 1334 est
1013 1290 1087 1333 ὑπὸ
1113 1290 1274 1332 παντων
1294 1289 1537 1340 σιτούμενον.
1573 1288 1762 1331 Emenda

181 1373 473 1418 σιτιΖΟμενον.

241 1508 452 1563 Sequioris
494 1508 642 1548 aetatis
686 1506 794 1547 hunc
838 1506 1084 1560 scriptorem
1128 1494 1215 1544 esse
1253 1503 1397 1559 arguit
1434 1502 1569 1544 forma
1599 1501 1765 1558 plebeia

180 1582 222 1621 in
255 1581 277 1634 ξ
310 1578 375 1620 62.
413 1577 532 1620 ἀετὸν
566 1575 889 1628 ὑπεριπτοὶμενον
921 1588 995 1630 pro
1030 1572 1360 1626 ὑπερπετόμενον.
1413 1571 1611 1615 Graeculi
1644 1570 1766 1614 ἵπτα-

181 1668 256 1702 μαι
291 1665 364 1707 pro
400 1649 579 1701 πέτομαι
615 1648 822 1691 dicebant.

239 1794 288 1835 In
320 1794 342 1848 ξ
376 1791 444 1834 62.
480 1791 597 1833 οὶετόν
632 1789 956 1841 ὑπεριπτοὲμενον
993 1812 1042 1818 -
1082 1792 1349 1838 καταγαγεῖν
1383 1784 1557 1836 λέγεται
1591 1784 1659 1827 καὶ
1695 1800 1767 1827 κα-

181 1864 436 1917 ταψήσαντα
469 1861 595 1904 ποὶλιν
629 1861 813 1914 ἀφεῖναι.
877 1859 1042 1901 Diserte
1074 1860 1119 1900 in
1150 1859 1196 1900 F.
1231 1861 1502 1908 καταγαγεῖν
1535 1855 1694 1914 legitur
1718 1860 1768 1898 ut

182 1936 293 1993 apud
335 1934 621 1990 Porphyrium
663 1946 736 1988 pro
781 1931 956 1988 vulgata
994 1935 1276 1981 μεταγαγεῖν.
1341 1930 1586 1986 Aegerrime
1621 1928 1767 1972 distin-

182 2010 372 2066 guuntur
403 2007 448 2047 in
480 2004 687 2047 Codicum
718 2004 924 2058 scriptura·
955 1998 988 2053 ,ἆ
1019 2004 1060 2042 et
1091 2000 1126 2043 Ξ.

240 2147 304 2189 Ex
345 2146 460 2188 hisce
501 2144 696 2186 omnibus
738 2141 1003 2198 Pythagoras
1047 2140 1246 2182 δέδεικται
1294 2138 1332 2195 (ξ
1366 2137 1435 2179 62.
1478 2139 1523 2179 in
1563 2136 1661 2191 fine)
1696 2139 1767 2187 τὴν

181 2216 367 2268 Ὀρφέως
408 2214 512 2268 ἔχων
557 2216 596 2255 ἐν
639 2218 720 2258 τοῖς
764 2212 904 2262 θηρίοις
949 2211 1169 2261 ἡγεμονίαν
1212 2210 1281 2252 καὶ
1327 2210 1458 2257 κηλῶν
1509 2209 1621 2250 αὐτοὶ
1679 2208 1764 2266 [καὶ

184 2287 393 2342 κατέχεον]
444 2293 492 2338 τῇ
542 2286 622 2326 dnh
670 2287 739 2325 τοῦ
787 2282 966 2332 ςόματος
1017 2284 1106 2336 [τῆς
1155 2281 1306 2336 φωνῆς]
1353 2279 1537 2332 προϊούσῃ
1582 2278 1765 2328 δυνάμει.

185 2360 343 2412 Nemo,
376 2364 424 2399 ut
456 2359 622 2413 opinor,
656 2360 728 2404 τῆς
761 2360 895 2407 φωνῆς
927 2355 1105 2396 retinere
1132 2352 1259 2395 volet.
1307 2351 1389 2393 Pro
1417 2353 1546 2397 κηλῶν
1574 2351 1618 2392 in
1645 2350 1767 2393 libris

185 2434 247 2472 est
279 2432 446 2470 κυκλῶν.
508 2427 704 2470 Feliciter
735 2431 949 2482 repertum
981 2428 1111 2473 κηλῶν
1143 2424 1262 2466 docet
1291 2421 1547 2479 languidum
1580 2425 1622 2464 et
1658 2423 1768 2464 iners

186 2500 254 2542 καὶ
289 2498 478 2550 κατέχων
512 2500 748 2541 insiticium
782 2512 881 2541 esse.

245 2640 294 2682 In
335 2638 458 2693 §63
503 2638 570 2679 nx)
615 2638 756 2679 ἑαυτὸν
798 2638 836 2679 δὲ
883 2635 1209 2691 ἀναμφιλέκτοις
1259 2634 1485 2686 τεκμηρίοις
1535 2633 1768 2686 ἀπέφαινεν

184 2710 399 2763 Εὔφορβον
441 2708 652 2759 *γεγονέναι
687 2708 842 2749 Ποένθου
876 2708 968 2750 υἱόν.
1033 2708 1140 2750 Vera
1172 2708 1297 2750 lectio
1331 2705 1442 2761 apud
1476 2704 1767 2760 Porphyrium

186 2786 249 2825 est
275 2780 515 2832 απέφΗνεν.
575 2778 607 2821 O
647 2779 820 2821 stolidos
862 2779 1074 2828 homines,
1110 2779 1183 2834 qui
1213 2778 1315 2819 haec
1343 2776 1671 2827 ἀναμφιλέκτοις
1703 2791 1769 2817 τε-

187 2853 364 2906 κμηρίοις
395 2851 569 2906 probata
600 2863 686 2892 esse
716 2851 848 2904 inepti
884 2847 1131 2891 credebant!

247 2922 426 2979 Reliqua
457 2925 554 2964 sunt
585 2921 756 2977 perinde
787 2919 939 2963 stolida
972 2934 1229 2976 quamquam
1257 2916 1509 2962 confidenter
1538 2916 1766 2960 admodum
