1946 3298
1000 170 1044 199 IV

232 285 325 326 Non
358 288 419 326 est
450 286 493 325 in
527 283 780 326 Criticorum
812 296 986 324 numero
1013 282 1190 337 lepidior
1217 286 1258 323 et
1284 283 1495 324 venustior
1522 280 1646 321 homo
1674 292 1801 333 quam

232 364 491 413 Brunckius,
529 364 599 405 sed
631 364 705 404 ubi
738 377 834 404 cum
865 376 938 404 suo
972 362 1203 403 Professore
1235 361 1368 417 Regio
1402 358 1660 402 Vauvillerio
1690 359 1806 412 inep-

232 445 395 485 tissimo
428 443 672 485 mortalium
700 442 978 498 digladiatur,
1009 456 1134 496 quam
1162 443 1342 496 turpiter
1368 444 1409 482 et
1435 439 1612 481 ridicule
1641 452 1683 479 se
1713 437 1808 479 dare

234 523 352 565 solet.
416 522 523 564 Sunt
565 524 687 565 hodie
731 522 877 564 Critici
918 522 1129 577 aliquanto
1159 522 1460 563 mansuetiores
1491 524 1532 561 et
1563 519 1808 560 urbaniores

235 617 361 658 quam
394 607 527 645 antea.
591 603 701 644 Audi
732 602 968 644 Bentleium
1002 603 1070 656 (ad
1104 600 1312 643 Ciceronis
1349 601 1590 641 Tusculanas
1617 611 1712 654 pag.
1741 596 1806 650 4):

240 684 410 738 „Ecquis
450 684 584 724 borum
624 683 840 733 bominum,
883 684 950 737 qui
991 698 1094 724 nunc
1130 683 1265 724 literas
1299 685 1489 730 tractant,
1527 693 1647 734 aequo
1680 677 1806 718 animo

225 764 364 819 ferret
395 778 457 818 se,
490 779 564 805 non
596 765 679 805 dico
711 764 855 816 corrissi
886 768 955 804 aut
984 763 1192 816 casiiyari,
1226 763 1294 803 Sed
1323 762 1387 803 vel
1410 760 1540 802 doceri
1566 756 1808 814 quiequam?

236 843 424 898 Equidem
467 859 524 885 me
565 844 800 885 commemini
840 848 882 884 in
919 843 1188 896 yravissimam
1227 847 1262 884 ei
1293 841 1569 895 inexpiabilem
1600 839 1680 879 viri
1709 838 1809 879 satis

238 924 322 964 noti
362 925 609 980 offensionem
650 924 862 965 incurrisse
891 927 1039 964 millam
1070 924 1189 965 aliam
1222 923 1265 963 ob
1297 937 1451 962 causam
1483 920 1563 961 nisi
1595 919 1698 974 quod
1727 932 1810 959 cor-

237 1011 394 1059 ruptum
431 1009 563 1059 poeitae
606 1005 746 1046 Graeci·
777 1005 900 1046 locum
932 1004 1230 1052 emendaverim,
1265 1017 1372 1058 quem
1403 1002 1474 1041 ille
1505 1004 1594 1041 cente
1623 998 1809 1040 sollicita-

239 1090 348 1126 verat
389 1085 520 1126 Musis
556 1086 729 1126 omnibus
760 1084 914 1126 iratis.''
976 1083 1208 1139 Supersunt
1241 1086 1382 1124 tamen
1415 1082 1544 1122 etiam
1577 1092 1687 1120 nunc
1719 1091 1809 1120 ves-

240 1166 349 1221 tigia
380 1167 500 1206 ruris.
564 1165 709 1219 Itaque
741 1178 874 1219 neque
907 1177 1159 1218 quemquam
1191 1163 1388 1204 lacessere
1420 1162 1551 1202 satius
1587 1173 1672 1201 esse
1705 1159 1811 1201 arbi-

242 1248 328 1286 tror
358 1259 491 1299 neque
522 1244 763 1286 lacessitum
790 1258 1038 1299 responsare.
1088 1242 1133 1284 Si
1159 1256 1284 1297 quem
1309 1242 1443 1298 igitur
1469 1242 1513 1282 in
1540 1254 1606 1281 me
1636 1239 1813 1281 scribere

241 1326 382 1378 iuvat,
419 1339 492 1379 per
522 1339 588 1366 me
619 1325 738 1374 licet,
773 1326 958 1366 scribito.
1022 1324 1227 1375 Quoniam
1261 1324 1373 1364 enim
1405 1322 1506 1363 haec
1537 1320 1646 1361 mihi
1677 1333 1811 1375 neque

241 1404 429 1446 multum
462 1408 631 1459 noc-ent,
665 1418 798 1459 neque
831 1417 984 1460 magno
1017 1417 1136 1458 opere
1167 1402 1345 1444 molesta
1378 1405 1497 1455 sunt,

632 1483 815 1535 κράτιςον
849 1485 932 1535 εἰκῇ
966 1483 1085 1525 τωῦτ’
1117 1485 1187 1524 ἐᾶν
1219 1481 1442 1533 ἀφειμένοι.

303 1565 489 1606 Iudicem
538 1563 746 1606 Graecum
790 1577 915 1618 quam
959 1564 1078 1618 potui
1119 1562 1499 1617 locupletissimum
1545 1566 1585 1602 et
1626 1561 1816 1616 plenissi-

243 1658 364 1686 mum
407 1644 561 1686 confeci
598 1648 646 1685 ut
689 1645 862 1698 quisque
895 1643 1009 1685 facili
1039 1645 1208 1699 negotio
1242 1642 1574 1684 observationem
1607 1656 1818 1699 gramma-

243 1726 372 1766 ticam
419 1729 491 1766 aut
539 1726 728 1765 criticam
776 1728 848 1765 aut
904 1723 1316 1780 palaeogmphicam,
1373 1726 1446 1764 aut
1499 1722 1580 1764 loci
1638 1723 1816 1764 alicuius

245 1806 541 1847 correctionem
571 1806 749 1858 reperire
781 1805 923 1858 possit.
973 1805 1195 1858 Composui
1221 1803 1403 1844 indicem
1431 1804 1490 1844 sic
1517 1807 1565 1844 ut
1595 1803 1818 1845 emendata

243 1884 368 1926 lectio
395 1887 532 1940 prima
558 1888 735 1939 ponatur
761 1886 881 1938 eique
905 1885 1057 1926 vitiosa
1081 1883 1284 1925 librorum
1312 1885 1517 1939 scriptura
1546 1887 1818 1939 postponatur

246 1969 296 2006 ut
327 1967 371 2006 in
402 1966 490 2007 his:

635 2044 916 2095 Ἀμωσγέπως
954 2070 1007 2075 -
1041 2043 1177 2091 ἄλλως
1213 2045 1262 2094 ’γε’
1301 2060 1398 2092 πως.

639 2124 836 2177 Δεκάζειν
870 2150 922 2155 -
959 2124 1147 2177 δικάζειν.

640 2205 819 2254 'Ouio-ou
854 2232 909 2237 —
943 2206 1208 2255 ὁμολογῆσαι.

639 2285 825 2334 Ὀσιότης
859 2310 914 2316 -
948 2286 1109 2334 θειότης.

636 2366 948 2417 Περιφθείρομοιι
984 2391 1037 2396 -
1070 2365 1351 2418 περιφέρομσιι.

311 2443 599 2499 Similiterque
640 2446 683 2486 in
724 2445 897 2500 reliquis
930 2446 1147 2500 omnibus,
1180 2448 1224 2487 in
1256 2447 1408 2501 quibus
1440 2447 1517 2489 hoc
1548 2449 1819 2502 potissimum

252 2526 428 2581 agebam
461 2529 509 2566 ut
541 2526 798 2567 ostenderem
833 2540 919 2567 esse
952 2527 1156 2580 quaedam
1190 2528 1397 2568 scribendi
1429 2529 1535 2569 vitia
1565 2531 1607 2569 et
1639 2542 1819 2582 errores,

254 2605 304 2646 ad
349 2619 450 2660 quos
497 2605 626 2646 stulta
671 2605 940 2647 librariorum
981 2608 1094 2648 natio
1139 2611 1246 2648 esset
1288 2608 1548 2663 εὐεπίφορος,
1592 2611 1746 2664 quique
1778 2612 1824 2651 in

252 2686 466 2727 similibus
501 2685 603 2726 locis
627 2687 781 2739 passim
812 2686 1008 2727 similiter
1035 2689 1365 2729 committantur.
1421 2692 1820 2740 ‘AMsscrean,

253 2770 300 2806 ut
332 2765 410 2807 hoc
442 2769 557 2815 utar,
592 2767 795 2807 sexcentis
827 2766 929 2808 locis
963 2765 1160 2809 Graeculi
1191 2769 1235 2808 in
1268 2766 1405 2815 ἄλλως
1435 2768 1486 2819 γε’
1514 2784 1596 2816 πως
1624 2772 1820 2825 imperite

252 2849 566 2900 converterunt,
598 2860 779 2900 namque
811 2846 948 2892 ἄλλως
983 2847 1032 2897 γέ
1066 2863 1148 2893 πως
1177 2861 1302 2890 nemo
1331 2862 1536 2903 umquam
1566 2848 1822 2893 Graecorum
