1946 3298
942 156 998 200 30

177 282 215 324 ἐν
265 281 449 338 ὁποιῳοῦν
500 284 605 337 ξύλῳ
648 288 778 326 κεῖται
822 282 838 323 5
882 282 1051 331 ποιήσας
1095 280 1131 337 [5
1173 278 1338 338 τέκτων]
1381 282 1401 331 ἢ
1448 281 1464 322 5
1503 277 1752 334 χρησόμενος

180 356 428 412 &moiun-mk
493 355 642 397 Mirari
683 367 803 408 saepe
846 352 960 394 subit
992 365 1118 406 quam
1154 353 1329 406 puerilia
1358 351 1548 393 Platonis
1577 350 1753 392 lectores

177 428 280 471 olim
310 429 355 469 in
386 428 472 469 suis
502 426 622 467 libris
652 425 902 466 notaverint.
968 422 1111 463 Etiam
1142 422 1221 463 hoo
1250 421 1444 463 mirabile
1477 421 1629 463 accidit
1670 433 1751 474 quo

174 501 295 554 pacto
339 497 526 539 Platonis
565 495 739 537 lectores
781 496 874 548 post
915 495 1078 533 renatas
1119 491 1262 533 literas
1302 493 1384 532 ista
1425 492 1566 545 aequis
1599 491 1751 532 animis

174 570 363 612 lectitare
411 567 636 623 potuerint.
700 563 782 615 Qui
825 563 930 604 hanc
976 563 1139 602 lacteam
1186 562 1395 602 ubertatem
1443 575 1529 603 esse
1574 563 1750 615 putant,

176 641 363 697 cogitent
404 639 461 679 sie
501 636 518 677 5
561 635 711 676 τέκτων
755 634 770 674 ὁ
809 632 979 680 ποιήσας
1013 635 1054 673 et
1086 632 1103 673 5
1139 631 1324 684 ὑφαντης
1358 632 1374 672 5
1407 630 1655 683 χρησόμενος
1689 630 1751 670 di-

177 710 354 752 cendum
396 708 535 749 fuisse.
598 705 761 759 Nempe
804 704 820 744 <5
864 703 1036 751 ποιήσας
1070 702 1087 742 5
1120 702 1271 743 τέκτων
1303 703 1363 743 ita
1396 702 1551 744 dieitur
1582 702 1699 757 quasi
1733 700 1750 741 5

177 780 326 821 τέκτων
357 778 494 820 solum
525 789 608 818 non
639 778 746 817 esset
778 775 878 815 satis
908 774 1178 828 perspicuum
1211 772 1263 814 ad
1293 771 1636 829 intelligendum.

236 918 342 974 Pag.
393 916 541 958 391.0.
605 913 794 956 Socrates
841 912 892 954 ad
939 911 1277 968 Hermogenem:
1326 917 1512 963 λιπαρεῖν
1558 912 1637 963 χρὴ
1685 910 1752 952 τὸν

181 989 360 1042 ἀδελφὸν
406 987 489 1043 [καὶ
535 986 686 1027 δεῖσθαι
727 984 868 1038 αὐτοῦ]
917 981 1076 1031 διδάξαι
1121 999 1165 1023 σε
1207 983 1277 1030 την
1321 981 1512 1034 ὀρθότητα
1554 982 1640 1033 περὶ
1675 987 1750 1024 τῶν

177 1060 385 1109 τοιούτων,
421 1052 463 1105 ἣν
496 1056 621 1107 ἔμαθε
655 1055 766 1105 παρα
801 1051 1081 1105 Πρωταγόρου.
1145 1051 1224 1095 Cui
1255 1053 1566 1110 Hermogenes:
1600 1052 1750 1099 ἄτοπος

177 1130 291 1180 μέντ’
336 1129 384 1171 ἂν
429 1128 486 1176 εἰἠ
529 1142 622 1177 μου,
669 1124 694 1167 ὦ
742 1126 978 1176 Σώκρατες,
1021 1125 1042 1171 ἦ
1085 1123 1240 1172 δέησις,
1285 1125 1317 1166 εἶ
1350 1125 1422 1172 την
1453 1123 1527 1174 μὲν
1559 1124 1751 1172 ἀλήθειαν

177 1203 248 1249 την
286 1198 552 1252 Πρωταγόρου
588 1194 686 1243 ὃΙλως
720 1197 789 1237 οὐκ
821 1194 1105 1247 ἀποδέχομαι,
1139 1195 1194 1236 τα
1227 1195 1267 1236 δὲ
1298 1201 1348 1247 τῇ
1382 1194 1550 1246 τοιαύτη
1581 1194 1752 1248 ἀληθεία

177 1271 340 1324 ῥηθέντα
375 1267 575 1321 ἀγαπῴην
607 1266 654 1314 ὥς
688 1283 756 1308 του
790 1264 900 1315 ἄξια.
966 1265 1084 1307 Mala
1114 1279 1264 1307 manus
1294 1267 1471 1308 inseruit
1501 1265 1569 1306 καὶ
1599 1265 1750 1307 δεῖσθαι

175 1343 314 1383 αὐτοῦ.
378 1339 518 1382 Multo
556 1337 711 1380 melius
752 1340 793 1379 et
835 1338 970 1378 acrius
1013 1340 1075 1378 est
1113 1342 1300 1388 λιπαρεῖν
1332 1350 1456 1391 quam
1489 1335 1666 1384 δεῖσθαι,
1702 1340 1751 1378 ut

174 1414 340 1454 fatuum
382 1413 437 1452 sit
478 1409 604 1451 verbo
645 1413 831 1459 λιπαρεῖν
871 1407 1125 1464 languidum
1159 1411 1200 1448 et
1231 1409 1342 1448 iners
1374 1407 1522 1447 δεῖσθαι
1559 1407 1748 1448 adiicere.

175 1483 318 1525 Etiam
365 1483 385 1529 ἡ
421 1479 548 1528 δέησις
580 1481 625 1521 in
656 1493 740 1534 sqq.
774 1482 873 1520 nata
904 1492 954 1520 ex
985 1477 1306 1533 interpolatione
1339 1481 1415 1519 est.
1481 1477 1617 1534 Lege:
1651 1476 1750 1518 ἄτο-

175 1569 246 1599 πος
291 1551 442 1602 μέντᾶν
486 1550 561 1606 (Sic
597 1548 879 1604 scribendum)
916 1547 965 1590 ἂν
999 1549 1134 1596 εἵΗΝ,
1168 1546 1194 1589 ὦ
1230 1549 1467 1599 Σώκρατες,
1502 1548 1533 1589 εἶ
1568 1548 1640 1594 την
1674 1548 1749 1598 μὲν

174 1623 366 1670 ἀληθειαν
397 1621 477 1662 κτὲ.
543 1620 635 1662 Non
668 1625 755 1662 erat
785 1621 875 1675 ipsa
898 1619 1043 1674 petitio
1074 1621 1239 1674 inepta,
1274 1619 1346 1661 sed
1378 1621 1451 1674 qui
1481 1617 1667 1674 postulat
1701 1632 1749 1660 ea

174 1693 311 1734 doceri
351 1705 454 1747 quae
495 1692 634 1732 inania
675 1694 716 1732 et
758 1689 861 1731 falsa
902 1704 989 1732 esse
1030 1693 1152 1744 putet
1192 1691 1228 1731 is
1269 1691 1421 1731 merito
1461 1691 1629 1744 ineptus
1662 1702 1748 1730 esse

175 1764 337 1805 dieitur.
413 1761 568 1816 Opinor
608 1761 711 1803 olim
757 1774 830 1816 pro
878 1759 960 1807 εἴην
1011 1766 1101 1801 ΕΙΗ
1150 1762 1353 1816 scriptum
1400 1760 1551 1802 fuisse:
1602 1759 1750 1801 deinde

173 1836 375 1876 corrector
407 1832 557 1886 aliquis
590 1834 630 1873 et
663 1834 683 1880 ἦ
717 1831 846 1880 δέησις
879 1834 920 1873 et
951 1847 1027 1881 μου
1060 1831 1110 1872 de
1142 1844 1216 1873 suo
1250 1831 1424 1873 addidit.

230 1973 399 2015 Lacuna
439 1976 501 2013 est
536 1985 633 2027 pag.
671 1970 820 2012 395.e.
856 1970 966 2013 δοκεῖ
995 1971 1034 2012 δέ
1065 1986 1131 2020 μοι
1166 1970 1233 2011 καὶ
1265 1971 1320 2023 τῷ
1354 1969 1508 2013 Πέλοπι
1541 1971 1586 2012 τὸ
1620 1970 1745 2020 ὄνομα

175 2043 381 2094 ἐμμέτρως
426 2043 600 2084 κεῖσθαι·
648 2041 833 2091 σημαίνει
877 2042 959 2092 γοὶρ
1008 2045 1124 2083 τοῦτο
1173 2041 1350 2092 τοῦνομα
1399 2042 1465 2083 τὸν
1512 2042 1568 2084 τα
1617 2042 1747 2093 ἐγγὺς

173 2115 320 2164 ὁρῶντα
366 2111 474 2161 ἄξιον
521 2110 622 2153 εἶναι
668 2112 821 2170 ταύτης
871 2118 942 2161 τῆς
994 2112 1239 2162 ἐπωνυμίας.
1319 2112 1545 2155 Manifesto
1595 2113 1750 2155 excidit

171 2184 328 2239 aliquid
368 2188 461 2238 post
502 2183 649 2235 ὁρῶντα
690 2184 734 2224 in
764 2183 870 2225 hano
902 2185 1175 2225 sententiam:
1212 2207 1267 2214 —
1300 2183 1447 2235 ὁρῶντα
1483 2182 1574 2240 (ὥςε
1608 2187 1746 2226 τοῦτον

171 2253 335 2304 μοὶλιςα
376 2253 536 2294 παντων
579 2253 645 2294 τὸν
690 2251 829 2304 ἄνδρα)
873 2253 982 2303 ἄξιον
1022 2251 1124 2295 εἶναι
1171 2254 1327 2302 ταύτης
1376 2260 1448 2302 τῆς
1498 2255 1746 2305 ἐπωνυμίας.

172 2325 293 2366 Nune
325 2324 498 2365 demum
530 2324 580 2365 ab
612 2322 880 2380 Hermogene
912 2328 1023 2367 recte
1055 2326 1289 2380 quaeritur:
1325 2329 1406 2371 πῶς
1445 2325 1514 2380 δή;

231 2464 335 2520 Pag.
380 2461 538 2504 396.d.
582 2460 694 2503 ἕωθεν
739 2463 820 2515 γὰρ
859 2465 996 2506 πολλοὶ
1032 2465 1141 2516 αὐτῷ
1176 2468 1310 2511 συνῆν.
1375 2464 1498 2506 Plato
1529 2468 1749 2522 scripserat

171 2540 290 2583 συν-ἧ,
338 2547 419 2575 non
468 2538 596 2580 συνῆν.
671 2534 724 2575 Et
771 2537 1022 2589 antiquiores
1069 2549 1211 2577 omnes
1259 2539 1300 2577 et
1346 2534 1468 2576 Plato
1511 2540 1746 2578 constanter

172 2605 364 2646 dicebant
405 2599 426 2649 νῖ
467 2600 567 2650 ἦσθα
610 2607 651 2645 et
693 2601 756 2653 ἦν,
792 2609 832 2645 et
863 2607 907 2645 in
940 2608 1182 2661 compositis
1215 2612 1345 2657 παρῆ,
1381 2611 1491 2654 συνῆ.
1558 2605 1746 2648 Turbant

171 2674 329 2715 indocti
359 2673 542 2723 scribae,
588 2687 689 2727 quos
732 2676 824 2728 quis
864 2675 1123 2717 morabitur?
1186 2676 1235 2717 In
1265 2676 1475 2718 Bodleano
1508 2681 1604 2722 συνῆ
1636 2680 1747 2718 recte

171 2746 374 2798 scriptum
416 2747 478 2784 est
521 2743 642 2785 litera
685 2760 701 2784 ν
745 2745 794 2785 ad
839 2745 951 2786 latus
995 2749 1284 2801 superscripta.
1326 2746 1385 2788 &H
1420 2763 1524 2788 eram
1553 2749 1597 2788 in
1627 2747 1746 2789 libris

170 2827 486 2868 nonnumquam
513 2815 669 2854 mansit
700 2814 918 2865 illaesum,
949 2818 1112 2870 saepius
1144 2819 1329 2858 vitiatur.
1383 2817 1503 2869 Quod
1535 2818 1584 2859 de
1612 2818 1746 2859 forma

172 2884 240 2938 ’ἤδη
285 2883 494 2933 diximus,
540 2883 653 2925 idem
696 2883 745 2926 de
786 2882 806 2932 ἦ
853 2885 1088 2927 dicendum.
1143 2886 1264 2929 Plato
1307 2904 1452 2943 semper
1485 2889 1543 2929 ita
1574 2888 1744 2930 dixerat.
