1946 3298
919 164 1002 205 ¹31)ss

179 290 368 347 negotii?
430 291 512 333 Sed
558 290 695 331 nescio
742 289 949 344 quomodo
996 290 1041 329 in
1087 286 1244 329 talibus
1290 287 1462 344 linguae
1508 286 1747 343 analogiam

179 362 358 403 minime
389 361 601 403 curabant.

202 432 205 433 ⁷
238 430 406 474 Peiores
436 433 565 473 etiam
597 433 639 472 et
671 428 884 484 aliquant-o
916 427 1150 469 stolidiores
1176 431 1274 469 sunt
1298 428 1617 484 Etymologiae‚
1648 441 1749 482 quas

179 503 221 542 et
252 501 325 543 alii
357 503 467 557 apud
493 504 697 543 nostrates
722 505 763 542 et
788 499 1140 556 Wyttenbachius
1168 499 1219 540 ad
1245 499 1524 540 Plutarchum
1544 498 1750 553 procudit.

178 569 432 614 Plutarchus
462 573 507 613 in
537 571 615 613 hoc
644 570 742 612 lusu
769 569 919 612 saltem
947 570 1214 625 cogitationis
1242 573 1283 611 et
1310 571 1538 611 sententiae
1565 568 1751 622 aliquam

109 632 114 637 ’
180 644 473 700 cognationem
493 669 495 673 .
515 645 699 697 spectare
739 640 866 694 solet,
915 638 1266 695 Wyttenbachius
1309 643 1350 681 et
1394 639 1546 694 reliqui
1577 637 1640 679 nil
1671 638 1753 679 nisi

179 714 317 757 verbis
347 713 576 768 formisque
607 716 648 754 et
678 711 918 753 notionibus
950 714 1323 761 ψηφοπαιστοῦσιν,
1388 709 1616 751 Plutarcho
1649 713 1753 750 teste

177 798 275 841 pag.
311 783 396 826 165
423 786 461 826 d.
507 789 691 825 AGIMA
731 781 798 823 καὶ
832 787 1049 822 TAPBOC
1079 781 1123 821 τὸ
1158 781 1375 822 συνδέον
1408 781 1478 828 τὴν
1510 781 1650 830 ψυχὴν
1685 779 1752 820 καὶ

177 854 450 907 ταράττον
492 853 714 904 ὧνόμαςαι.
779 851 1131 907 Wyttenbaohius
1174 856 1367 894 annotat:
1414 851 1550 901 „Vera
1582 850 1755 891 notatio:

180 927 305 977 δεῖμα
336 926 481 967 dictum
514 940 538 965 a
570 924 648 965 δεῖν
681 923 840 980 ligare,
884 927 927 962 uz
958 921 1178 963 vinculum
1211 923 1343 964 animi
1374 922 1453 962 iam
1479 922 1596 963 Plato
1624 920 1756 960 docuit

180 995 380 1050 (docuitl)
416 997 460 1037 in
491 994 664 1050 Oratylo
695 1007 792 1050 pag.
825 992 911 1036 270
930 991 989 1034 ο”.
1053 992 1186 1044 Quid,
1234 1006 1406 1047 quaeso,
1441 992 1609 1033 tandem
1644 990 1751 1039 δέος,

180 1067 326 1117 δεινός,
360 1066 518 1115 ἔδεισα,
553 1066 702 1116 δεῖμα,
738 1063 949 1112 δειμαίνω,
983 1062 1272 1116 Ἀδείμαντος,
1302 1063 1518 1111 δειματοῦν
1548 1076 1645 1103 cum
1675 1062 1753 1103 δεῖν

181 1139 306 1191 Μῃονο
336 1138 488 1179 habere
519 1138 745 1191 potuerunt
776 1131 965 1190 negotii?
1008 1132 1090 1174 Sed
1123 1133 1325 1175 deteriora
1358 1135 1487 1174 etiam
1521 1136 1618 1174 sunt
1651 1146 1755 1186 quae

180 1207 533 1266 Wyttenbachius
569 1205 692 1262 fingit
725 1204 774 1246 de
807 1217 904 1253 suo,
939 1203 1075 1245 veluti
1109 1204 1159 1245 ad
1192 1217 1287 1259 pag.
1326 1203 1411 1246 386
1429 1205 1467 1244 d.
1538 1203 1755 1258 „Equidem

183 1281 250 1329 θήν
290 1281 505 1330 formatum
546 1277 673 1317 dicam
705 1290 751 1316 ex
782 1275 849 1323 δήν
882 1274 979 1321 diu,
1024 1279 1059 1315 et
1092 1274 1181 1315 item
1214 1274 1341 1321 fuisse
1373 1275 1444 1322 τήν
1477 1289 1501 1314 a
1532 1273 1607 1314 τέω
1642 1274 1754 1314 τείνω

182 1349 345 1393 tendo.''
377 1353 418 1391 et
459 1348 509 1390 ad
543 1361 640 1404 pag.
677 1345 733 1387 83
752 1347 788 1386 d.
827 1345 978 1395 „moloc
1015 1369 1069 1375 -
1103 1359 1186 1385 eum
1219 1346 1414 1392 πτήσσειν
1446 1358 1618 1399 pavere,
1653 1342 1756 1384 πτύ-

182 1421 317 1473 ρεσθαι
359 1418 630 1460 eonimzctum:
672 1432 697 1457 a
728 1416 936 1470 primitivo
978 1416 1082 1465 πέω,
1128 1416 1230 1470 quod
1260 1416 1498 1469 producitur
1541 1415 1584 1455 in
1623 1413 1758 1461 πτέω,

184 1491 292 1534 πέτω
334 1490 458 1544 cado,
504 1488 644 1536 labor,
687 1494 725 1528 et
767 1494 926 1539 coquam
968 1486 1058 1527 παω
1102 1474 1238 1539 calco,
1283 1486 1510 1532 condenso,
1543 1486 1754 1540 percutio,

185 1564 315 1610 παίω,
349 1561 482 1602 wala)
513 1573 657 1615 paveo.
686 1583 741 1588 ——
767 1558 840 1599 Est
872 1573 958 1598 vero
992 1573 1016 1597 a
1047 1556 1142 1607 τέρω
1178 1561 1302 1597 ortum
1335 1562 1488 1606 terreo,
1522 1556 1614 1596 inde
1640 1554 1757 1605 τρέω,

184 1633 343 1686 τρέμω,
378 1634 532 1683 τρέπω,
567 1628 799 1684 trepidus?
833 1633 874 1670 et
907 1629 956 1670 ad
989 1642 1083 1685 pag.
1121 1626 1206 1668 548
1226 1629 1258 1668 b.
1299 1628 1510 1680 „Latinum
1543 1627 1677 1668 dicere
1705 1630 1760 1667 est

188 1705 378 1745 Graecum
409 1703 529 1744 δι’κειν
560 1699 734 1742 iacere.’'
767 1704 808 1741 et
839 1704 888 1740 ut
919 1697 1044 1740 finem
1078 1699 1228 1740 faciam
1265 1699 1314 1740 ad
1348 1713 1441 1755 pag.
1481 1697 1563 1739 149
1584 1699 1613 1738 b.
1662 1697 1761 1746 „Est

175 1775 311 1830 prima
354 1781 392 1815 et
427 1772 590 1826 simplem
621 1771 726 1825 oriyo
759 1770 802 1810 in
834 1770 944 1810 verbo
987 1769 1095 1822 καω,
1132 1784 1208 1823 per
1240 1770 1391 1809 vocales
1425 1769 1577 1809 variato
1609 1769 1650 1809 in
1685 1768 1758 1809 κέω

185 1845 255 1888 κίω
289 1845 363 1887 κόω
397 1843 500 1894 κύω;
534 1843 671 1898 quibus
701 1841 744 1881 in
776 1841 949 1881 omnibus
982 1841 1086 1881 notio
1120 1840 1360 1882 continendi
1392 1845 1427 1881 et
1458 1839 1613 1895 figendi
1647 1838 1756 1879 inest.

187 1942 241 1948 —
274 1916 422 1958 Eadem
448 1929 519 1968 per
550 1914 741 1954 adiectum
776 1928 801 1952 τ
831 1912 1002 1965 pariunt
1035 1911 1169 1957 κταω,
1214 1912 1342 1959 κτέω,
1380 1912 1475 1952 κτίω
1495 1944 1503 1959 ,
1537 1910 1640 1950 unde
1671 1913 1762 1950 sunt

186 1987 386 2041 κτᾶσθαι,
421 1985 589 2037 κτίζειν,
624 1985 811 2032 κτείνειν,
846 1982 888 2022 in
918 1997 1010 2037 quo,
1050 1988 1091 2022 ut
1122 1982 1163 2022 in.
1199 1983 1372 2036 καίνειν,
1406 1981 1619 2023 occidendi
1656 1982 1759 2021 notio

184 2062 346 2112 commta
374 2060 429 2097 est
460 2071 543 2096 cum
574 2053 730 2111 figendi
761 2059 797 2095 et
828 2053 1067 2095 continendi
1100 2052 1296 2093 ιιοιὲοιιο”.

245 2129 311 2170 An
349 2140 431 2169 non
471 2126 550 2167 hoc
592 2129 654 2167 est
697 2125 904 2176 ῥηματίοις
939 2122 1250 2175 ψηφοπκιςεῖνῖ
1300 2123 1380 2164 Sed
1422 2124 1465 2164 in
1499 2123 1564 2164 his
1598 2135 1760 2177 quoque

185 2212 336 2243 verum
380 2210 466 2239 esse
507 2196 701 2251 apparuit
741 2196 785 2236 τὸ
826 2198 895 2236 τοῦ
930 2195 1205 2245 Δημοσθένους
1241 2192 1298 2236 ὅτι
1334 2196 1473 2246 σαθρὸν
1507 2196 1590 2235 πᾶν
1624 2194 1669 2235 τὸ
1702 2195 1758 2242 μὴ

185 2269 231 2321 ἐξ
261 2267 454 2317 ἀληθείας
486 2268 766 2318 συγκείμενον.

245 2406 444 2462 Sequitur
474 2404 644 2447 libellus
676 2405 720 2446 in
753 2404 961 2458 decrepita
993 2402 1170 2446 Graecia
1202 2403 1252 2445 ab
1284 2404 1426 2457 inepto
1462 2401 1759 2459 ludimagistro

185 2478 365 2533 scriptus
397 2477 629 2526 Συναγωγὴ
662 2476 810 2526 ἱςοριῶν
843 2475 1120 2525 παραλλήλων
1153 2476 1397 2520 Ἑλληνικῶν
1425 2472 1493 2514 καὶ
1525 2473 1758 2522 Ῥωμαϊκῶν

183 2562 317 2603 neque
346 2546 524 2589 lectione
554 2559 687 2600 neque
714 2545 1004 2587 emendatione
1031 2546 1185 2602 dignus
1213 2547 1302 2587 sive
1332 2545 1572 2601 argumenti
1599 2547 1758 2598 spectes

183 2617 432 2662 futilitatem
476 2617 564 2657 sive
603 2616 810 2657 scribendi
841 2616 1075 2657 infantiam.
1140 2616 1285 2671 Neque
1318 2620 1484 2657 tantum
1516 2614 1643 2655 homo
1676 2613 1759 2656 his-

183 2687 354 2732 toriolas
398 2685 583 2728 inficetas
626 2686 676 2727 de
718 2700 791 2727 suo
835 2692 1097 2728 commentus
1140 2692 1227 2740 est,
1276 2687 1345 2728 sed
1387 2690 1513 2727 testes
1556 2686 1682 2725 etiam
1718 2689 1759 2725 et

185 2763 396 2807 auctores,
445 2770 547 2811 quos
588 2769 711 2797 nemo
755 2757 862 2797 vidit
900 2762 941 2798 et
983 2771 1106 2799 nemo
1150 2758 1332 2805 videbit,
1378 2757 1427 2797 de
1470 2754 1602 2796 nihilo
1642 2753 1758 2795 fictos

180 2830 390 2886 produxit.
424 2826 740 2883 Wyttenbaehii
769 2826 961 2881 exemplo
990 2828 1229 2869 admonitus
1247 2829 1306 2868 ita
1325 2826 1565 2868 scribentis:
1599 2839 1758 2874 „vereor

179 2916 229 2945 ne
259 2900 382 2942 oleum
415 2903 451 2940 et
481 2913 634 2953 operam
656 2897 883 2952 perdidisse
914 2898 1048 2939 videar
1075 2897 1397 2940 omnotationibus
1422 2899 1465 2937 in
1494 2900 1571 2937 tam
1589 2895 1759 2950 futilem
