1946 3298
852 192 906 239 ³73

153 322 256 381 Pag.
293 321 390 366 45¹7.
426 321 632 373 Ἡρακλέα
666 322 734 364 καὶ
770 322 910 371 Θησέα
943 323 1012 364 καὶ
1046 324 1137 370 τοὺς
1171 321 1322 371 ἄλλους
1357 324 1536 374 ἡμιθέους
1569 326 1666 369 ποτὲ

95 393 234 447 ἥρωας.
297 393 378 435 Dio
421 393 511 438 τοὺς
560 393 740 442 ἡμιθέους
787 397 828 435 et
872 393 962 440 τοὺς
1001 394 1125 445 ἥρωας
1162 394 1420 451 distinguere
1453 396 1580 445 solet,
1618 401 1667 438 ut

93 479 191 521 pag.
230 463 329 506 615.
365 464 454 511 τοὺς
489 464 561 514 μὲν
595 464 786 519 ἡμιθέων,
821 464 911 511 τοὺς
944 464 984 506 δὲ
1018 466 1145 515 ἡρώων
1178 465 1431 516 ἀνδριάντας.
1495 467 1667 507 Deorum

96 536 200 577 filios
245 534 499 586 Herculem,
550 533 758 576 Theseum
806 538 900 575 tum
949 535 1127 583 ἡμιθέους
1173 536 1402 586 vocabant,
1452 535 1577 589 ἥρωας
1626 538 1667 579 δὲ

97 605 218 663 (teste
259 605 392 648 Dione
434 619 531 662 pag.
577 604 699 657 510.)
733 604 884 651 πάντες
918 605 1114 658 νομίζουσι
1149 606 1240 652 τοὺς
1273 606 1429 659 σφόδρα
1463 608 1665 654 παλαιοὺς

93 675 239 728 ἄνδρας
282 675 357 717 κᾶν
399 675 520 724 μηδὲν
565 675 764 726 ἐξαίρετον
809 674 931 726 ἔχωσι
976 675 1024 716 δι’
1074 675 1196 717 αὐτὸν
1245 674 1356 726 οἶμαι
1405 679 1471 719 τὸν
1513 678 1665 729 χρόνον.

91 746 240 801 Itaque
282 745 497 787 inserenda
539 745 686 800 copula
728 749 789 787 est
826 747 1007 795 ἡμιθέους
1046 748 1143 788 ποτὲ
1180 747 1247 788 καὶ
1283 746 1432 800 ἥρωας,
1467 752 1516 790 ut
1547 748 1663 790 Tom.

93 815 149 860 II.
184 830 281 873 pag.
317 816 356 858 2.
388 816 599 867 ἀρχηγοὺς
634 814 756 867 ἔχετε
789 816 914 868 ἥρωας
949 817 1017 859 καὶ
1051 818 1245 868 ἡμιθέους.

152 954 260 1012 Pag.
308 953 406 997 575.
452 954 539 1006 περὶ
584 954 763 1002 πλείονος
806 959 875 997 τοῦ
921 955 989 1008 ζῆν
1031 956 1243 1007 ἡγούμενοι
1276 958 1347 1006 τὴν
1379 955 1511 1010 ὕςερον
1544 959 1668 1010 εὐφὴ·

94 1024 207 1076 μίαν.
290 1024 459 1067 Veteres
505 1039 586 1067 non
633 1025 755 1067 aliter
802 1027 995 1068 dicebant
1042 1041 1168 1082 quam
1215 1027 1302 1079 περὶ
1350 1031 1530 1083 πολλοῦ,
1580 1029 1666 1081 περὶ

93 1096 293 1147 πλείονος,
357 1096 444 1147 περὶ
504 1096 694 1144 πλεῖς-ου,
755 1099 851 1148 παρ’
898 1097 1006 1138 οὐδὲν
1055 1098 1309 1146 ΠΟΙεῖσθαι,
1358 1100 1426 1140 cui
1473 1097 1669 1141 Graeculi

93 1168 308 1208 ἩΓεῖσθοιι
351 1167 616 1208 substituunt
647 1182 725 1220 pro
762 1167 889 1208 nihilo
923 1172 1084 1218 ducere,
1120 1175 1168 1209 ut
1199 1183 1295 1225 pag.
1331 1168 1429 1212 577.
1464 1170 1531 1211 καὶ
1566 1170 1668 1212 ταύ-

93 1253 164 1286 την
207 1238 300 1289 παρ’
344 1237 451 1278 οὐδὲν
495 1237 787 1286 ἩΓὴο-ἀμενοι.
852 1237 918 1279 Sic
960 1240 1094 1295 igitur
1136 1239 1223 1290 περὶ
1267 1240 1446 1286 πλείονος
1490 1244 1559 1282 τοῦ
1599 1241 1669 1294 ζῆν

96 1309 282 1359 ἡγεῖσθαι
316 1308 425 1363 apud
457 1307 636 1349 Dionem
669 1312 778 1350 recte
811 1308 938 1350 habet
970 1309 1040 1350 sed
1074 1311 1230 1351 vitium
1256 1314 1317 1352 est
1345 1313 1389 1352 in
1416 1311 1486 1358 τὴν
1515 1309 1668 1363 ὅςεροΝ

97 1379 345 1431 ΕΥφὴμίαν.
411 1378 535 1419 Fama
558 1383 650 1432 post
681 1383 837 1419 mortem
864 1379 1099 1434 appellatur
1130 1382 1150 1429 ἡ
1181 1381 1460 1433 ὑςεροφὴμία,
1492 1386 1541 1423 ut
1558 1383 1669 1437 apud

92 1450 371 1492 Plutarchum
413 1449 461 1489 de
501 1454 597 1489 sent.
633 1449 823 1504 profectu
864 1450 907 1490 in
946 1450 1041 1492 virt.
1085 1464 1179 1507 pag.
1226 1450 1296 1492 85.
1330 1453 1403 1493 ubi
1434 1452 1670 1494 Alexander

94 1521 146 1562 ad
186 1521 385 1561 nuncium
428 1519 469 1560 τί
510 1534 576 1568 μοι
615 1520 806 1570 μέλλεις,
851 1517 986 1568 εἶπεν,
1031 1519 1155 1571 ὦτάν,
1204 1523 1496 1573 ἀπαγγελεῖνε,
1542 1523 1563 1572 ἡ
1608 1522 1667 1564 ὅτι

91 1589 271 1642 “Ὀμὴρος
311 1589 619 1640 ἀναβεβίωκενς
665 1590 812 1636 οὐδενὸς
849 1592 958 1643 αὐτῷ
992 1592 1048 1632 τοὶ
1082 1592 1319 1643 πράγματα
1352 1594 1459 1640 πλὴν
1502 1595 1669 1647 ὑςερο-

95 1664 305 1715 φημίας
349 1660 520 1709 οἰόμενος
556 1660 702 1711 ἐνδεῖν,
735 1662 808 1702 ubi
838 1661 960 1717 plura
992 1662 1274 1719 Wyttenbach
1305 1664 1505 1719 protulit,
1537 1670 1578 1707 et
1608 1665 1668 1708 lo-

95 1747 192 1775 cum
234 1732 417 1788 Longini
456 1738 507 1773 Π.
552 1737 600 1772 T.
645 1731 725 1786 44,
767 1731 806 1773 8.
852 1732 996 1782 μὴκέτι
1031 1734 1122 1779 τοὺς
1156 1733 1378 1786 ἀνθρώπους
1412 1735 1667 1786 ἀναβλέπειν

96 1802 188 1854 μηδ’
232 1800 391 1844 ἕΤΕΞΡα
436 1808 602 1850 ΦΙ-ΙΜὴς
647 1799 749 1843 εἷναί
791 1819 882 1843 τινα
925 1803 1070 1854 λόγον,
1114 1804 1190 1845 ubi
1229 1810 1341 1847 certa
1380 1806 1669 1849 emendatione

94 1873 375 1916 Ruhnkenius
409 1874 683 1926 ὑςεροφὴμίας
717 1875 919 1929 reposuit.

155 2013 372 2057 Soloeoum
421 2017 482 2055 est
522 2027 618 2070 pag.
665 2012 763 2055 576.
809 2010 872 2065 ἀρ’
907 2014 1095 2064 ἀγνοεῖτε
1128 2017 1246 2057 τοῦτο
1278 2016 1321 2057 τὸ
1356 2015 1468 2068 ἔργον
1502 2017 1669 2065 ἐκείνους

88 2086 269 2133 ,ἀτίμους
316 2089 490 2134 ποιεῖΝ;
538 2082 649 2125 Οἶδα
691 2088 732 2126 et
773 2085 903 2134 ἀγνοῶ
947 2084 1208 2128 infinitivum
1251 2093 1464 2142 respuunt.
1540 2087 1672 2132 Credo

95 2156 197 2198 olim
245 2156 372 2196 fuisse
397 2180 450 2185 —
476 2156 664 2203 ἀγνοεῖτε
704 2155 823 2196 “OTI
854 2181 905 2186 —
933 2163 1067 2198 ποιΕΙ.
1129 2157 1204 2199 Est
1247 2159 1420 2201 voculae
1462 2156 1521 2202 ἔτι
1563 2174 1674 2203 com-

94 2226 296 2281 pendium
328 2225 437 2279 quod
469 2225 590 2267 facile
623 2225 781 2268 scribae
815 2226 955 2268 oculos
984 2227 1135 2284 fugiat.

156 2364 261 2422 Pag.
298 2364 398 2407 580.
429 2365 467 2406 εἴ
497 2380 588 2407 τινα
622 2371 788 2408 καλοῖτε
822 2367 876 2413 εἷς
906 2366 1110 2418 προεδρίαν
1140 2367 1161 2416 ἡ
1190 2370 1358 2418 πολίτην
1386 2370 1673 2425 ἀναγράφοιτε

99 2436 320 2488 μέλλοντες
364 2433 496 2485 ὕςερον
539 2436 756 2483 ἀναςὴσειν
802 2436 822 2485 ἡ
869 2438 940 2485 τὴν
983 2439 1191 2480 πολιτείαν
1228 2440 1499 2492 ἀφελθσθαι,
1534 2445 1673 2486 πολλοὶ

99 2505 149 2548 ἂν
191 2507 430 2548 ἱκετεύσειεν
475 2506 582 2555 ὑμᾶς
627 2507 696 2548 ε’ἀν
733 2507 868 2549 αὐτόν.
933 2507 1070 2551 Nemo
1101 2524 1306 2565 uinquam
1338 2513 1514 2567 scriptor
1546 2512 1675 2558 Grae·⁵

100 2589 172 2619 cus
205 2579 262 2619 sic
282 2578 476 2632 futurum
509 2581 550 2619 et
582 2579 786 2619 aoristum
820 2579 1048 2621 coniunxit.
1097 2579 1339 2623 Scribarum
1368 2583 1414 2624 hi
1441 2588 1538 2626 sunt
1568 2600 1675 2629 erro-

99 2661 184 2698 res,
234 2661 335 2702 quos
381 2647 605 2704 diligenter
651 2649 808 2691 servari
855 2648 925 2694 vel
971 2650 1081 2705 apud
1129 2650 1422 2707 Thucydidem
1465 2655 1588 2698 video
1633 2660 1675 2699 et

99 2717 320 2760 Platonem
363 2721 404 2759 et
435 2717 775 2761 Demosthenem.
838 2720 978 2762 Facile
1011 2724 1072 2762 est
1103 2721 1244 2763 locum
1276 2725 1510 2766 restituere.
1574 2725 1674 2770 Sero

99 2791 188 2830 nati
219 2787 368 2831 Graeci
400 2802 473 2843 pro
505 2790 651 2841 αἱρήσω
685 2790 877 2832 dicebant
910 2791 1009 2846 ἐλῶ,
1045 2793 1191 2843 ἀνελῶ,
1222 2793 1378 2834 καθελῶ
1407 2798 1501 2836 cett.
1534 2800 1575 2838 et
1602 2812 1675 2852 pro

100 2858 316 2909 αἱρήσομαι
360 2861 547 2912 ἑλοῦμαι,
597 2860 841 2911 ἐξελοῦμαι,
884 2863 1124 2915 ἀφελοῦμοιι
1158 2867 1234 2906 cet.
1313 2863 1406 2907 Hoc
1437 2867 1579 2921 ipsum
1613 2873 1676 2912 est

95 2931 381 2984 reponendum
413 2932 632 2981 ἀναςὴσειν
659 2958 713 2963 -
742 2934 1026 2988 ἀφελΘΙσθαι.
