1946 3298
868 179 896 208 V

97 294 223 343 dixit,
271 292 341 334 sed
383 305 525 334 omnes
568 294 803 334 constanter
845 291 982 337 άλλως
1028 307 1109 338 πως
1154 291 1346 333 dicebant
1375 278 1510 345 'idque
1542 290 1668 348 longe

96 373 178 415 alio
219 386 341 415 sensu
373 386 500 427 quam
532 372 815 427 ἁμωσγέπως,
847 374 892 413 111
923 385 1004 427 quo
1037 388 1087 422 γε
1121 372 1400 413 necessarium
1433 374 1494 412 est
1527 372 1592 425 (ut
1624 372 1669 412 in

98 451 153 499 εἷς
200 452 251 503 γε’
298 452 402 507 τις),
449 452 559 506 quod
599 455 644 493 in
686 450 823 499 ἄλλως
869 452 919 502 γε’
965 467 1048 497 πως
1088 453 1228 506 inepte
1262 451 1460 492 abundat.
1522 449 1668 504 Itaque

98 531 233 579 άλλως
268 531 320 582 γε’
353 548 435 579 πως
468 533 692 584 ubicumque
723 532 867 585 leyitur
900 546 998 574 cum
1029 533 1134 574 vitio
1168 530 1380 577 ambulat,
1417 530 1526 585 quod
1559 533 1670 571 certa

99 613 387 656 emendatione
437 613 621 667 undique
667 615 728 654 est
776 611 1086 667 expellendum.
1159 611 1318 653 Eadem
1364 611 1470 652 ratio
1516 612 1578 651 est
1625 611 1669 650 in

98 694 269 748 antiquo
299 693 425 735 verbo
454 698 739 735 AGKAZGIN
767 696 808 735 et
838 697 1235 735 CTNAGKAZGIN
1263 691 1475 744 Zmyitz'one
1501 705 1670 732 corrum-

88 788 186 828 pere
228 780 363 814 eontra
402 774 566 827 officium
608 788 653 814 ae
684 774 832 827 fidem,
873 775 1062 828 primum
1093 772 1277 827 iudices,
1311 771 1459 813 deinde
1490 770 1672 825 reliquos

101 867 255 896 omnes.
319 852 538 908 Sequiores
578 852 776 896 Graeculi
807 856 987 909 pessime
1020 854 1245 908 depravata
1275 852 1422 908 lingua
1453 854 1594 894 vetere
1626 865 1672 892 eo

102 948 223 976 sensu
266 933 486 985 δωροδοκεῖν
527 934 618 976 τινά
663 935 875 984 dicebant,
909 938 958 976 ut
988 934 1165 977 verbum
1198 934 1420 987 antiquum
1452 931 1673 983 δωροδοκεῖν

103 1014 216 1068 πικρά
248 1031 370 1065 τινος,
409 1015 518 1070 quod
546 1015 677 1057 simul
705 1016 811 1057 ratio
837 1019 878 1057 et
906 1030 1006 1057 usus
1033 1015 1180 1057 docent
1204 1013 1438 1071 significare
1465 1013 1676 1066 larffitione

103 1099 149 1138 ab
183 1098 314 1153 aliquo
346 1100 560 1151 corrumpi,
593 1097 713 1150 plane
745 1098 789 1137 in
822 1098 1078 1139 contrarium
1109 1097 1296 1139 verterit.
1359 1094 1521 1136 Interea
1552 1097 1675 1136 vetus

101 1176 281 1229 δεκάζειν
324 1192 404 1219 usu
440 1178 563 1219 cessit
594 1181 635 1219 et
666 1177 936 1219 demortuum
970 1181 1031 1219 est
1064 1180 1105 1218 et
1138 1191 1161 1218 a
1192 1176 1309 1218 nullo
1341 1175 1674 1231 intelligebatur.

103 1258 215 1311 Quid
253 1256 415 1315 igit-ur?
457 1257 504 1299 Si
547 1258 708 1313 quando
750 1257 928 1303 δεκάζειν
974 1259 1018 1298 111
1060 1257 1261 1299 Veterum
1303 1256 1423 1298 libris
1464 1256 1676 1312 legeretur

103 1337 282 1389 δΙκάζειν
320 1338 631 1380 substituebant
663 1338 712 1379 de
745 1339 951 1380 sententia
982 1337 1064 1379 loci
1096 1339 1274 1379 minime
1307 1336 1491 1379 solliciti.
1539 1335 1676 1388 Quam

103 1433 224 1474 saepe
266 1419 523 1461 ostendimus
566 1417 712 1469 ὄμόσάι
756 1422 797 1459 01
841 1419 1116 1469 ὁμολογῆσαι,
1155 1431 1411 1473 quamquam
1442 1420 1530 1459 toto
1562 1417 1675 1459 coelo

103 1501 286 1554 diversa⁷
334 1502 445 1541 inter
491 1514 534 1541 se
581 1501 836 1554 permisceri.
904 1499 1075 1551 Quoties
1123 1499 1473 1554 deprehendimus
1523 1500 1679 1542 scribas

101 1581 329 1622 sententiae
362 1594 526 1622 securos
557 1565 631 1636 pro
667 1586 835 1621 ΘΕΙΟΟ
865 1583 905 1622 01
939 1585 1189 1621 ΘΕΙΟΤΗΟ
1216 1580 1481 1635 supposuisse
1508 1576 1610 1626 ὅσιος
1637 1584 1679 1623 01

100 1660 278 1714 ὁσιότης,
313 1664 386 1703 aut
419 1665 573 1702 contra.
623 1661 758 1712 Quam
792 1660 951 1702 multos
980 1660 1092 1702 locos
1122 1659 1402 1715 protulimus,
1446 1661 1490 1701 in
1527 1662 1678 1715 quibus

103 1747 314 1784 ΦΘΕΙΡΩ
361 1745 402 1783 01
446 1747 595 1783 ΦΕΡΩ
633 1740 862 1782 ridiculum
903 1742 947 1781 in
979 1741 1157 1782 modum
1189 1741 1358 1782 confusa
1390 1744 1536 1782 essent.
1601 1741 1677 1783 Est

100 1824 145 1864 in
185 1823 272 1877 his,
315 1826 364 1864 111
394 1823 438 1863 111
469 1824 675 1864 sexcentis
708 1821 825 1875 aliis,
861 1821 1065 1876 quaedam
1098 1820 1234 1863 veluti
1267 1834 1452 1862 errorum
1485 1821 1679 1877 analogia

103 1907 144 1945 et
184 1903 382 1958 peccandi
422 1904 665 1945 constantia.
732 1902 1098 1954 Quemadmodum
1141 1903 1253 1943 enim
1295 1903 1405 1944 inter
1435 1916 1478 1944 se
1509 1916 1678 1957 permu-

102 1987 245 2026 tantur
291 1985 435 2038 φθείρω
485 1988 524 2026 01
572 1983 703 2036 φέρω,
750 1985 808 2026 sic
854 1983 1036 2035 ἐκφέρειν
1074 1996 1148 2038 pro
1192 1982 1411 2034 ἐκφθείρειν
1456 1984 1676 2033 scribitur,

103 2065 306 2117 διαφέρειν
348 2079 421 2120 pro
463 2064 729 2117 διαφθείρειν,
781 2063 956 2116 διάφορά
988 2077 1061 2118 pro
1095 2062 1319 2116 διαφθορά,
1356 2062 1571 2115 ἀδιάφορος
1604 2077 1678 2118 pro

103 2145 364 2198 ἀδιάφθορος,
409 2149 450 2186 01
492 2146 550 2186 sic
591 2146 745 2200 passim
792 2144 1075 2197 περιφέρεσθαι
1109 2145 1314 2198 scriptum
1348 2157 1434 2185 esse
1463 2144 1678 2193 videmus,

102 2227 176 2268 ubi
217 2225 299 2268 loci
341 2226 546 2267 sententia
589 2225 909 2277 περιφθείρεσθοιι
953 2238 1101 2267 verum
1146 2238 1233 2265 esse
1266 2223 1429 2266 clamat.
1497 2223 1679 2266 Omnino

101 2308 146 2348 in
177 2308 428 2361 scriptorum
460 2308 650 2347 veterum
686 2306 975 2347 emendatione
1008 2318 1266 2359 quamquam
1299 2304 1387 2346 sola
1413 2305 1520 2346 ratio
1548 2305 1679 2346 domi-

101 2390 245 2436 natur,
296 2400 400 2441 quae
448 2387 575 2428 nullis
622 2387 788 2443 legibus
837 2389 909 2428 aut
956 2384 1110 2427 finibus
1157 2386 1335 2426 coerceri
1383 2388 1456 2426 aut
1504 2386 1680 2427 circum-

103 2467 228 2508 scribi
257 2470 418 2521 potest,
451 2468 668 2523 egregium
706 2466 941 2508 subsidium
975 2469 1017 2507 et
1050 2465 1345 2506 adiumentum
1379 2467 1420 2506 et
1452 2465 1503 2507 ad
1529 2479 1679 2507 verum

102 2547 393 2601 reperiendum
441 2550 482 2588 et
520 2548 596 2588 ubi
636 2548 836 2601 repereris
879 2546 1195 2602 approbandum
1238 2548 1300 2587 est
1341 2547 1385 2586 in
1426 2546 1579 2600 peritia
1620 2547 1682 2587 rei

103 2627 495 2684 palaeographicae,
540 2640 643 2681 quae
682 2640 732 2668 ex
775 2627 973 2668 diuturno
1016 2624 1220 2668 Codicum
1253 2628 1446 2668 veterum
1478 2639 1559 2667 usu
1591 2639 1680 2667 sen-

103 2709 184 2749 sim
229 2711 269 2749 et
301 2707 507 2763 paulatim
539 2709 712 2762 paritur.
775 2707 989 2749 Incertum
1023 2710 1084 2748 est
1118 2708 1226 2748 sitne
1257 2706 1453 2747 inutilius
1485 2720 1537 2748 an
1568 2707 1681 2761 inep-

104 2790 190 2830 tius
217 2788 385 2844 regulas
413 2788 613 2842 quasdam
640 2788 818 2829 Oriticas
848 2789 1099 2829 constituere
1125 2786 1255 2836 velle,
1286 2786 1437 2841 quibus
1465 2789 1681 2841 tamquam

108 2868 405 2924 gubernaculis
450 2869 619 2911 criticae
667 2870 768 2910 artis
815 2881 959 2910 cursus
1008 2868 1239 2923 dirigatur,
1285 2867 1329 2908 id
1377 2867 1487 2921 quod
1531 2880 1684 2922 paucos
