1946 3298
863 174 947 222 337

118 302 335 356 ἐποιήσατο
364 301 620 356 παραινέσεις
648 301 724 346 ὑπὸ
753 306 829 346 τῶν
856 300 1061 356 ἀρχόντων
1087 301 1328 351 κελευσθείς.
1357 304 1471 356 μετα
1498 306 1537 349 δὲ
1554 309 1691 351 ταῦτα

118 382 200 424 τοῖς
241 375 382 418 παισὶν
426 375 470 417 ἐκ
513 377 588 416 τῶν
632 373 924 416 διδασκαλείων
968 372 1112 426 άθρόως
1155 376 1431 418 συνελθοῦσιν·
1473 375 1564 419 εἶτα
1596 384 1691 427 ταῖς

118 445 280 499 γυναιξὶ
324 444 392 487 καὶ
435 449 636 496 γυναικῶν
679 445 880 495 σύλλογος
924 445 1035 496 αὐτῷ
1079 445 1402 495 κατεσκευάσθη.
1468 449 1692 499 Γενομένων

117 518 158 561 δὲ
201 516 351 559 τούτων
393 516 565 567 μεγάλη
609 515 696 568 περὶ
739 516 861 558 αὐτὸν
903 514 1050 564 ηὐξήθη
1085 513 1196 565 δόξα.
1262 516 1386 559 Vides
1416 518 1518 561 haec
1551 522 1692 563 omnia

117 589 375 631 examussim
407 587 652 643 respondere
683 587 758 636 iis,
796 600 900 642 quae
932 588 976 627 in
1003 587 1158 628 eximio
1186 586 1423 644 fragmento
1446 589 1557 645 apud
1583 589 1694 632 Iam-

116 659 308 703 blichum
339 660 362 714 ξ
393 657 567 702 36-57
610 657 832 715 leguntur,
874 658 957 699 nisi
1000 657 1110 712 quod
1140 657 1268 700 verba
1298 671 1615 716 nonnumquam
1648 663 1694 703 in

115 730 284 773 brevius
326 732 538 772 contracta
580 732 678 771 sunt
718 732 760 771 et
801 728 923 771 aliter
955 728 1210 771 conformata
1242 732 1372 773 oratio
1406 735 1468 774 est
1500 735 1693 775 manente

115 799 260 843 eadem
291 801 511 842 sententia.
555 799 603 841 In
629 813 712 841 una
743 802 909 841 tantum
942 813 986 841 re
1017 801 1135 841 tenui
1167 803 1207 842 et
1241 802 1395 858 exigua
1426 803 1691 845 dissentiunt.

115 871 241 927 Apud
272 870 559 927 Porphyrium
589 872 781 912 narratur
810 869 1078 926 Pythagoras
1105 872 1295 925 primum
1322 872 1367 913 τὸ
1395 877 1471 914 τῶν
1497 874 1692 926 γερόντων

117 942 280 994 ἀρχεῖον
316 943 483 998 (vitiose
515 941 655 984 editur
684 942 873 995 ἀρχαῖον)
907 945 1251 994 ψυχαγωγῆσαι,
1287 942 1434 986 deinde
1469 947 1694 1001 magistra-

116 1015 240 1054 tuum
272 1014 390 1055 iussu
423 1011 626 1061 ἧβητικας
661 1012 904 1059 ποιήσασθαι
937 1013 1204 1064 παραινέσεις.
1255 1013 1380 1068 Apud
1407 1013 1691 1058 Iamblichum

115 1085 305 1140 primum
348 1084 540 1126 omnium
583 1083 763 1131 εἰσῆλθεν
800 1083 854 1129 εἱς
888 1082 932 1123 τὸ
965 1083 1191 1133 γυμνάσιον
1223 1086 1264 1125 et
1295 1084 1474 1127 facunda
1506 1088 1691 1129 oratione

117 1154 396 1197 adolescentes
438 1154 658 1196 admonuit
688 1155 711 1210 ξ
745 1153 948 1203 37-44,
989 1154 1138 1196 deinde
1179 1155 1201 1210 ξ
1235 1153 1304 1196 45.
1339 1156 1691 1207 ἀπαγγελθέντων

117 1225 191 1268 ὑπὸ
232 1229 310 1267 τῶν
347 1225 560 1267 νεανίσκων
593 1225 687 1277 πρὸς
722 1224 814 1271 τοὺς
848 1223 1032 1276 πατέρας
1065 1229 1142 1266 τῶν
1176 1224 1386 1277 εἷρημένων
1422 1228 1625 1270 ἐκάλεσαν
1660 1230 1692 1271 οἱ

116 1296 244 1339 Χίλιοι
279 1297 345 1338 τὸν
377 1295 619 1348 Πυθαγόραν
654 1297 708 1343 εἷς
739 1297 784 1339 τὸ
818 1295 1008 1348 συνέδριον
1042 1295 1108 1337 καὶ
1145 1297 1507 1349 προεπαινέσαντες
1540 1301 1617 1354 (sic
1644 1301 1688 1343 F.

114 1382 188 1424 pro
230 1366 537 1422 ἐπαινέσαντες)
581 1366 645 1408 ἐπὶ
689 1372 770 1413 τοῖς
815 1366 909 1419 πρὸς
944 1367 1036 1412 τοὺς
1069 1367 1174 1414 υἱοὺς
1207 1369 1373 1420 ῥηθεῖσιν
1406 1369 1624 1412 ἐκέλευσαν
1657 1370 1695 1414 εἴ

114 1454 153 1481 τι
186 1436 393 1489 συμφέρον
427 1436 514 1490 ἔχει
547 1437 685 1488 λέγειν
717 1443 798 1483 τοῖς
831 1437 1126 1490 Κροτωνιάταις
1156 1438 1447 1491 άποφήνασθαι
1476 1441 1570 1492 πρὸς
1599 1442 1692 1490 τοὺς

114 1515 185 1559 τῆς
231 1508 442 1555 πολιτείας
487 1508 822 1560 προκαθημένους.
885 1507 967 1551 Sed
999 1509 1077 1551 hoc
1109 1508 1202 1552 leve
1235 1512 1276 1552 et
1308 1511 1525 1553 minutum
1558 1516 1619 1555 est
1652 1517 1693 1556 et

114 1583 172 1624 sic
213 1594 334 1636 saepe
375 1579 422 1622 fit
464 1580 538 1622 ubi
581 1579 798 1634 complura
840 1581 1085 1621 memoriter
1124 1580 1375 1624 referuntur.
1438 1582 1692 1640 Notavimus

112 1654 200 1695 iam
241 1654 362 1694 antea
403 1650 604 1693 nonnulla
644 1650 890 1693 Dicaearchi
921 1665 944 1693 a
970 1650 1143 1693 Timaeo
1176 1665 1263 1694 esse
1294 1654 1338 1694 in
1369 1667 1465 1696 suas
1496 1654 1693 1697 historias

111 1726 290 1778 recepta.
346 1722 510 1764 Addam
543 1735 678 1764 unum
709 1721 974 1764 luculentum
1010 1722 1265 1778 exemplum.
1315 1723 1594 1768 Dicaearchus
1625 1728 1688 1768 in-

113 1793 288 1836 duxerat
315 1792 426 1848 §56
470 1792 761 1849 Pythagoram
795 1793 1027 1835 dicentem:
1061 1793 1128 1834 τὸν
1162 1793 1426 1844 συντάξαντα
1458 1797 1529 1845 την
1556 1798 1692 1849 φωνην

113 1869 188 1906 τῶν
230 1864 439 1915 ανθρώπων
472 1888 526 1895 -
561 1863 769 1905 συνιδόντα
813 1861 871 1906 ὅτι
916 1869 988 1912 τῆς
1022 1864 1239 1915 εὐσεβείας
1273 1865 1516 1909 οἰκειότατόν
1551 1868 1609 1912 ἐςι
1642 1868 1688 1910 τὸ

113 1935 227 1986 γένος
263 1939 337 1977 τῶν
372 1939 571 1986 γυναικῶν
606 1934 754 1984 ἑκάς-ην
788 1937 859 1983 την
894 1935 1055 1984 ἠλικίαν
1093 1936 1225 1977 αὐτῶν
1264 1939 1484 1988 συνώνυμον
1524 1941 1694 1988 ποιησα-

112 2007 204 2048 σθαι
231 2006 300 2057 θεῷ
330 2006 397 2047 καὶ
427 2005 602 2047 καλέσαι
631 2006 703 2054 την
730 2006 804 2056 μὲν
831 2005 1000 2056 ἄγαμον
1029 2013 1242 2058 ΚΟΡΗΝ,
1273 2009 1344 2057 την
1372 2009 1412 2050 δὲ
1440 2009 1534 2061 πρὸς
1563 2008 1689 2063 άνδρα

112 2076 320 2127 δεδομένην
350 2082 621 2127 ΝΎΜΦΗΝ,
655 2077 726 2125 την
759 2076 800 2119 δὲ
832 2076 955 2118 τέκνα
987 2077 1290 2128 γεννησαμένην
1325 2085 1583 2131 MHTePA,
1617 2082 1690 2130 τὴν

112 2147 152 2190 δὲ
203 2146 358 2194 παῖδας
409 2147 451 2188 ἐκ
498 2147 650 2188 παίδων
708 2147 922 2189 ἐπιδοῦσαν
970 2148 1082 2190 κατα
1130 2150 1202 2197 την
1250 2150 1428 2201 Δωρικην
1477 2150 1689 2194 διάλεκτον

111 2223 313 2260 ΜΑΙΑΝ.
378 2218 492 2260 Audi
538 2231 649 2259 nunc
692 2217 916 2260 Timaeum
957 2219 1068 2274 apud
1109 2219 1235 2276 Diog.
1278 2219 1416 2263 Laert.
1458 2220 1570 2264 VIII.
1619 2221 1688 2265 II.

110 2289 289 2338 Τίμαιός
333 2295 457 2342 φησιν
502 2289 539 2331 ἐν
583 2287 735 2342 δεκάτη
778 2291 928 2341 ι’ςοριῶν
970 2290 1108 2340 λέγειν
1151 2291 1275 2333 αὐτὸν
1317 2291 1394 2339 τας
1431 2292 1688 2341 συνοικούσας

110 2359 274 2411 άνδράσι
304 2360 395 2401 θεῶν
423 2358 534 2411 ἔχειν
562 2358 744 2408 ὀνόματα
773 2366 977 2410 KOPAC,
1006 2366 1265 2412 ΝΤΜΦΑΟ,
1297 2358 1389 2403 εἶτα
1416 2369 1688 2407 ΜΗΤΕΞΡΑΟ

111 2430 385 2480 καλουμένας.
448 2431 596 2473 Nonne
627 2430 849 2473 manifesto
881 2431 982 2473 haec
1015 2446 1064 2473 ex
1095 2431 1209 2474 illis?

89 2488 91 2490 q
170 2501 450 2543 Dicaearchus
480 2500 697 2543 Messenae
728 2503 773 2543 in
806 2500 953 2543 Sicilia
984 2505 1108 2544 natus
1139 2504 1325 2546 vicinam
1354 2504 1573 2548 Graeciam
1599 2521 1688 2550 ma-

111 2573 241 2614 iorem
285 2574 327 2613 et
367 2585 432 2613 res
472 2571 641 2614 Italicas
683 2573 842 2627 optime
878 2575 1064 2615 noverat.
1127 2573 1324 2616 Eximius
1356 2577 1446 2617 eius
1476 2575 1592 2619 Iocus
1625 2581 1688 2620 est

112 2642 161 2684 de
206 2642 452 2698 Pythagora
496 2642 607 2696 apud
653 2642 939 2698 Porphyrium
983 2644 1006 2697 ξ
1039 2642 1094 2685 56
1140 2657 1191 2686 ex
1233 2658 1314 2700 quo
1356 2646 1441 2688 ὁδοῦ
1484 2646 1686 2699 πάρεργον

111 2713 312 2754 nonnulla
352 2713 456 2754 vitia
497 2713 704 2769 corrigere
745 2714 875 2755 iuvat.
941 2713 1210 2756 Dicaearchus
1251 2720 1386 2758 auctor
1424 2722 1479 2759 est
1512 2718 1684 2776 (inquit)

112 2783 203 2828 τοὺς
237 2782 411 2829 πολλοὺς
449 2784 540 2836 (τῶν
575 2784 871 2839 Πυθαγορείων)
903 2784 1102 2834 σποράδην
1136 2786 1248 2827 κατα
1280 2788 1350 2834 την
1383 2786 1500 2830 πόλιν
1525 2790 1574 2834 ὡς
1600 2787 1686 2830 ἔτυ-

112 2867 187 2904 χον
237 2858 320 2894 eIC
368 2858 517 2895 ACTT
568 2853 854 2906 διαφθαρῆναι.
919 2855 1102 2913 Egregie
1150 2857 1391 2900 emendavit
1438 2859 1482 2901 O.
1529 2859 1688 2902 Muller

114 2923 286 2979 (Ἐν-αμα.
330 2923 483 2967 Histor.
525 2923 576 2967 II.
621 2938 717 2981 pag.
748 2923 867 2983 245.)
926 2925 1205 2970 “GKACTOC
1250 2931 1291 2970 et
1332 2930 1391 2972 sic
1434 2931 1482 2975 ὡς
1527 2929 1687 2983 ἔτυχεν

312 3008 365 3039 11.
1284 3017 1289 3019 ·
1455 3002 1497 3030 22
