1946 3298
944 163 1030 208 572

198 291 274 332 ubi
315 289 480 332 audivit
519 303 561 331 se
604 287 691 330 filio
734 292 908 331 auctum
954 288 1018 330 ἐπὶ
1053 288 1264 331 δακτύλων
1303 290 1648 341 συμβαλλόμενος
1681 289 1773 337 τοὺς

198 364 330 410 μῆνας
376 358 463 402 εἷπε
504 359 743 408 οέπομόσοις·
779 361 878 410 „oon
913 359 961 401 ἂν
997 359 1091 409 ἐμὸς
1124 359 1225 408 εἵη.”
1289 360 1528 417 Utrumque
1561 363 1776 417 componit

197 431 428 473 Pausanias
471 431 545 473 III.
592 431 632 472 S.
680 429 720 472 7.
754 431 996 483 προπέτειαν
1031 431 1072 472 δὲ
1104 432 1176 479 την
1208 432 1416 482 Ἀρίςωνος
1452 434 1488 479 ἐς
1524 432 1774 484 Δημάρατον

198 504 265 544 καὶ
303 500 432 553 Α”Λγις
477 504 514 548 ἐς
557 502 624 543 τὸν
665 502 802 543 παῖδα
839 501 937 552 ἔσχε
973 502 1236 552 Λεωτυχίδην
1270 503 1341 543 καί
1373 504 1404 543 οἱ
1439 503 1550 544 κατα
1581 519 1670 545 τινα
1705 504 1774 543 οὐκ

198 575 355 624 οὶγαθὲν
399 573 574 621 δαίμονα
618 573 783 621 ἐσῆλθεν
824 574 863 619 ἐς
909 574 1074 621 ἐπήκοον
1117 577 1193 614 τῶν
1237 573 1387 625 ἐφόρων
1430 576 1554 616 εἰπεῖν
1598 576 1648 621 ὡς
1697 576 1774 625 οὐχ

199 646 322 686 αὑτοῦ
358 644 504 696 νομίζοι
538 647 603 685 τὸν
639 644 916 696 Λεωτυχίδην.
982 643 1235 698 Pausanias,
1271 646 1344 697 qui
1375 645 1476 686 haec
1509 648 1575 697 (ut
1606 646 1725 699 puto)
1754 658 1777 686 a

199 715 469 770 Theopompo
504 716 656 756 sumsit
689 715 909 756 manifesto
942 715 1160 755 existimat
1192 717 1233 755 et
1259 716 1497 757 Aristonem
1526 719 1566 757 et
1593 715 1775 771 Agidem

198 789 242 828 in
285 800 420 829 errore
460 789 645 828 versatos
689 799 775 826 esse
817 788 859 826 et
898 785 1058 825 incerta
1102 785 1337 839 suspicione
1369 784 1506 826 filium
1540 788 1775 842 genuinum

199 858 452 913 repudiasse.
516 856 578 898 De
624 856 844 897 Alcibiade
891 869 942 896 ne
990 856 1167 896 verbum
1217 856 1403 910 quidem.
1481 856 1563 907 Qui
1610 857 1777 911 scripsit

199 930 275 971 sub
323 928 505 970 Platonis
547 929 715 969 nomine
758 925 974 981 dialogum
1006 925 1258 984 Alcibiadem
1291 926 1321 967 I.
1355 927 1579 968 manifesto
1609 928 1775 983 ignora-

200 1000 271 1041 bat
312 1013 527 1041 rumorem
575 1012 661 1039 esse
703 997 753 1038 de
801 997 1032 1039 Alcibiadis
1081 1000 1122 1037 et
1168 996 1364 1038 Timaeae
1405 997 1610 1039 adulterio
1643 1011 1773 1052 quum

197 1070 414 1112 induceret
460 1068 676 1110 Socratem
724 1067 937 1108 Alcibiadi
982 1068 1043 1108 ita
1087 1067 1318 1108 dicentem:
1363 1068 1432 1109 οὐκ
1477 1068 1646 1120 ᾔσθησαι
1690 1073 1772 1113 τοῖς

197 1139 528 1190 Λακεδαιμονίων
573 1138 815 1188 βασιλεῦσιν
857 1139 906 1183 ὡς
941 1137 1116 1188 μεγαλα
1150 1138 1204 1178 τοὶ
1239 1138 1504 1193 ὑπάρχοντα,
1539 1137 1587 1180 ὧν
1621 1140 1663 1180 αἱ
1698 1155 1774 1189 γυ-

198 1218 330 1256 ναῖκες
367 1210 543 1264 δημοσιά
575 1209 859 1263 φυλάττονται
896 1209 968 1249 ὑπὸ
1003 1210 1080 1249 τῶν
1115 1208 1263 1261 ἐφόρων
1296 1210 1351 1255 εἷς
1385 1209 1554 1260 δύναμιν
1581 1210 1638 1258 μη
1672 1208 1776 1262 λαθη

197 1284 241 1334 ἐξ
284 1281 412 1324 ἄλλου
457 1280 668 1331 γενόμενος
716 1280 731 1321 ὁ
776 1279 977 1330 βασιλεὺς
1023 1279 1043 1327 ἣ
1079 1278 1122 1328 ἐξ
1153 1280 1437 1330 Ἡρακλειδῶν.
1502 1279 1613 1331 Quid
1644 1281 1776 1321 animi

195 1355 346 1396 fuisset
384 1352 486 1394 haec
527 1351 769 1408 legentibus
812 1352 848 1391 si
891 1350 1108 1392 scivissent
1152 1350 1415 1392 Alcibiadem
1461 1352 1601 1405 ipsum
1632 1354 1776 1406 postea

194 1426 365 1481 reginae
398 1423 701 1478 Spartanorum
735 1424 927 1476 stuprum
964 1421 1188 1480 obtulisse,
1222 1425 1271 1462 ut
1303 1435 1378 1462 sua
1404 1423 1624 1478 progenies
1653 1420 1775 1476 Spar-

195 1500 262 1538 tae
293 1498 511 1551 regnaret,
547 1493 618 1535 sed
650 1506 774 1534 nenio
808 1495 904 1533 ante
936 1491 1140 1533 Duridem
1173 1492 1217 1533 id
1250 1492 1481 1534 audiverat.
1528 1492 1660 1533 Fama
1687 1495 1775 1533 erat

194 1567 377 1623 Agidem
421 1566 551 1606 morti
593 1564 836 1618 proximum
878 1563 1072 1617 precibus
1116 1566 1333 1604 exoratum
1364 1562 1668 1618 Leotychidem
1699 1576 1773 1617 pro

193 1651 268 1680 suo
312 1638 547 1694 agnovisse.
610 1634 865 1676 Plutarchus
908 1635 952 1674 in
994 1633 1184 1689 Ayesilao
1230 1633 1268 1674 3.
1319 1633 1387 1674 12.
1432 1633 1448 1673 ὁ
1491 1633 1530 1674 δὲ
1574 1638 1672 1679 ποεῖς
1705 1632 1772 1673 τὸν

193 1709 267 1758 μὲν
309 1706 437 1749 ἄλλον
478 1705 616 1757 χρόνον
661 1703 838 1751 ὕποπτος
884 1700 926 1751 ἧν
969 1706 1023 1755 τῷ
1065 1704 1207 1754 ’Ἄγιδι
1250 1704 1318 1745 καὶ
1352 1704 1516 1754 γνησίου
1550 1705 1670 1754 τιμην
1703 1705 1772 1745 οὐκ

193 1776 284 1831 εἶχε
330 1778 427 1829 παρ’
471 1778 607 1831 αὐτῷ,
642 1780 814 1818 νοσοῦντι
849 1776 887 1816 δὲ
924 1776 1156 1827 προσπεσὼν
1190 1774 1257 1815 καὶ
1293 1774 1468 1826 δακρύων
1504 1772 1659 1815 ἔπεισεν
1693 1774 1773 1816 υἱὸν

192 1851 406 1902 ἀποφῆναι
452 1852 612 1890 πολλῶν
656 1846 876 1899 παρόντων.
941 1845 1111 1888 Similia
1148 1846 1215 1888 his
1257 1846 1384 1887 habet
1424 1845 1654 1887 Pausanias
1690 1844 1771 1887 III.

193 1920 233 1962 8.
282 1919 322 1963 7.
372 1918 560 1970 ἐπέλαβε
607 1918 742 1969 μέντοι
780 1914 909 1968 τἈγιν
950 1917 1148 1967 μετάνοια
1190 1915 1323 1968 ὕςερον
1366 1916 1457 1966 καὶ,
1507 1915 1646 1967 ἔφερον
1690 1915 1772 1968 γαρ

191 1994 419 2041 τηνικαῦτα
467 1989 602 2032 οἴκαδε
650 1988 693 2036 ἐξ
739 1989 959 2040 Ἀρκαδίας
1009 1989 1132 2030 αὐτὸν
1181 1991 1394 2042 νοσοῦντα,
1439 1989 1487 2034 ὡς
1534 1987 1690 2037 ἐγίνετο
1733 1987 1773 2027 ἕν

192 2063 340 2116 Ἡραία
372 2061 439 2103 καὶ
472 2061 516 2103 τὸ
551 2060 701 2109 πλῆθος
735 2058 945 2112 μάρτυρας
980 2060 1149 2101 ἐποιεῖτο
1177 2056 1199 2106 ἦ
1225 2059 1304 2108 μην
1333 2058 1599 2109 Λεωτυχίδην
1627 2058 1770 2099 ἑαυτοῦ

192 2133 333 2176 παῖδα
378 2133 564 2184 ἡγεῖσθαι
609 2131 680 2173 καί
713 2136 835 2184 ’σφισι
868 2131 940 2172 σὺν
973 2131 1106 2184 ἱκεσία
1139 2147 1184 2171 τε
1218 2130 1286 2172 καὶ
1321 2131 1502 2181 δακρύοις
1537 2128 1771 2176 ἐπέσκηπτε

192 2207 286 2258 πρὸς
331 2202 678 2254 Λακεδαιμονίους
721 2205 860 2244 ταῦτα
904 2201 1211 2252 ἀπαγγέλλειν.
1257 2205 1298 2243 et
1339 2205 1434 2256 post
1475 2211 1630 2256 pauca:
1671 2199 1771 2253 ἄφί-

192 2292 304 2318 κοντο
348 2276 387 2317 δὲ
431 2275 498 2317 καὶ
540 2276 571 2316 οἱ
617 2273 662 2323 ἐξ
706 2274 874 2326 Ἡραίας
921 2273 1118 2325 Ἀρκάδες
1163 2272 1230 2314 καὶ
1281 2268 1381 2319 ἦσαν
1427 2272 1480 2324 τῷ
1527 2270 1769 2324 Λεωτυχίδῃ

191 2346 391 2398 μαρτυρες
436 2345 565 2388 ὁπόσα
602 2345 775 2395 ’Άγιδος
819 2348 1087 2391 τελευτῶντος
1133 2343 1316 2391 ἥκουσαν.
1381 2342 1660 2396 Perspicuum
1707 2344 1770 2383 est

191 2417 300 2460 nihil
341 2417 492 2459 horum
537 2418 642 2459 scire
683 2416 1032 2471 Xenophontem,
1081 2414 1191 2469 apud
1225 2427 1351 2469 quem
1385 2412 1609 2469 Agesilaus
1642 2413 1766 2454 dicit:

192 2484 232 2530 ἓν
276 2489 324 2529 τὺ
370 2493 510 2534 καλεῖς
552 2487 713 2540 πατέρα
746 2488 815 2528 οὐκ
850 2485 928 2539 ἔφη
962 2503 1006 2527 σε
1037 2484 1137 2527 εἶναι
1172 2486 1332 2526 ἑαυτοῦ.
1396 2484 1656 2539 Theopompi
1689 2484 1769 2526 for—

189 2564 300 2603 tasse
341 2558 442 2600 haec
480 2560 664 2600 narratio
697 2562 760 2600 est
790 2561 885 2612 post
917 2557 1239 2612 Xenophontem
1271 2559 1381 2597 nata.
1416 2554 1488 2596 sed
1518 2557 1770 2609 quicumque

189 2632 292 2674 haec
336 2630 562 2671 memoriae
606 2629 791 2683 prodidit
836 2628 1029 2670 credebat
1073 2627 1254 2683 Agidem
1296 2626 1384 2668 levi
1417 2626 1649 2679 suspicione
1681 2629 1770 2667 tan—

191 2707 283 2744 tum
332 2701 506 2742 ductum
556 2714 641 2741 esse
689 2704 729 2741 et
777 2699 886 2740 nihil
933 2700 1206 2754 comperisse,
1250 2711 1381 2752 quum
1428 2697 1583 2738 diceret
1625 2692 1648 2743 ἦ
1688 2698 1769 2747 μην

192 2771 458 2824 Λεωτυχίδην
493 2773 637 2812 ἑαυτοῦ
672 2770 810 2811 παῖδα
846 2771 1046 2820 ἡγεῖσθαι.

252 2843 334 2885 Sed
377 2845 539 2884 constat
580 2845 746 2891 tamen,
795 2841 907 2882 dicat
948 2841 1121 2896 aliquis,
1154 2840 1337 2897 Agidem
1371 2840 1552 2895 pessime
1584 2838 1770 2880 Alcibia-

193 2915 289 2961 dem
329 2915 490 2965 odisse,
536 2916 706 2969 propter
742 2913 886 2957 uxoris
930 2915 1121 2967 stuprum
1169 2910 1342 2954 scilicet.
1406 2909 1482 2953 Est
1523 2910 1624 2953 haec
1668 2908 1769 2951 Plu-
