1946 3298
878 130 964 173 219

190 253 433 296 Notandum
491 256 553 295 est
605 255 649 294 in
696 253 910 310 Euripidis
968 255 1205 312 fragmento
1265 257 1366 300 385.
1411 260 1486 301 ubi
1541 262 1689 305 descri-

133 325 196 365 bit
238 331 374 379 pastor
417 326 650 366 litterarum
695 326 915 379 imperitus
958 329 1236 380 (γραμμάτων
1269 331 1338 370 οὐκ
1371 329 1480 385 ἴδρις)
1517 336 1635 375 notas
1666 337 1707 376 et

132 393 287 450 figuras
334 394 636 436 elementorum
682 397 726 435 in
778 397 946 437 nomine
1004 403 1185 440 ΘΗΟΕΥ
1193 405 1246 447 C,
1309 400 1418 454 quod
1475 401 1524 442 de
1582 402 1705 445 litera

133 472 168 508 H
202 467 328 509 dicit:

433 537 476 578 τὸ
510 535 688 587 δεύτερον
721 535 761 576 δὲ
794 540 932 586 πρῶτα
966 537 1040 586 μὲν
1071 539 1267 590 γραμμαὶ
1303 540 1390 588 δύο,

431 607 590 653 ταύτας
624 606 783 657 διείργει
819 606 853 646 δ’
887 607 925 647 ἐν
957 609 1092 656 μέσοις
1126 608 1238 658 ἄλλη
1271 611 1365 660 μία.

130 678 240 719 unde
283 678 443 733 liquido
484 677 728 734 colligimus
767 676 982 732 Euripidis
1025 678 1217 734 aequales
1256 695 1338 722 non
1378 687 1461 728 τοῖς
1494 683 1700 731 Ἀττικοῖς

132 748 351 800 γραμμασι
397 748 572 800 χρῆσθαι
618 752 669 800 (Θ
711 761 783 802 pro
826 753 860 787 H
906 751 947 789 et
989 754 1023 789 O
1068 763 1141 804 pro
1181 757 1253 792 OT
1287 755 1328 793 et
1358 753 1422 807 Ω)
1454 753 1526 795 sed
1557 753 1704 812 longas

130 818 294 862 vocales
323 819 450 860 fuisse
480 820 525 859 in
558 832 647 860 usu.
711 817 773 859 De
803 819 941 872 prima
972 818 1096 861 litera
1126 822 1186 862 ita
1217 821 1365 863 refert:

431 892 577 935 κύκλος
610 904 671 934 τις
703 890 753 933 ὡς
786 888 971 939 τόρνοισιν
1005 890 1344 946 ἐκμετρούμενος,

431 957 541 1005 οὗτος
573 958 608 1000 δ’
645 958 732 1010 ἔχει
765 965 927 1007 σημεῖον
961 960 998 1000 ἐν
1032 961 1141 1012 μέσῳ
1173 962 1321 1013 σαφές.

129 1044 227 1087 ergo
262 1036 335 1071 ΘΗ
369 1034 457 1072 erat
487 1044 569 1072 non
608 1035 735 1070 THe.
793 1029 974 1080 Quartae
1005 1030 1152 1074 literae
1183 1033 1364 1075 formam
1395 1034 1524 1078 fuisse
1555 1049 1637 1078 non
1671 1043 1703 1079 Ε

128 1101 200 1142 sed
230 1107 262 1142 E
295 1100 456 1156 liquido
487 1101 588 1142 haec
622 1100 930 1142 demonstrant:

427 1171 472 1212 τὸ
507 1169 541 1210 δ’
577 1166 629 1211 αὖ
661 1169 855 1221 τέταρτον
888 1172 909 1219 ἦ
942 1171 1015 1221 μὲν
1049 1173 1103 1219 εἷς
1137 1173 1240 1224 ὀρθὸν
1272 1174 1373 1225 μία,

427 1241 543 1291 λοξαὶ
578 1241 612 1282 δ’
647 1241 708 1281 ἐπ’
740 1242 868 1289 αὐτῆς
901 1247 1007 1293 τρεῖς
1040 1245 1401 1296 κατεςκριγμέναι.

187 1312 306 1354 Idem
345 1311 471 1354 ludus
513 1313 557 1353 in
599 1311 743 1353 eodem
785 1313 953 1354 nomine
985 1317 1026 1354 et
1056 1315 1271 1370 Agathoni
1303 1316 1463 1371 placuit
1494 1320 1535 1359 et
1566 1317 1701 1362 Theo-

129 1383 238 1425 decti
270 1382 529 1431 Phaselitae‚
565 1395 741 1436 quorum
775 1381 886 1423 locos
918 1383 1136 1439 descripsit
1162 1385 1402 1428 Athenaeus
1428 1400 1524 1444 pag.
1555 1387 1642 1430 454
1659 1391 1698 1432 d.

127 1453 312 1496 Literam
343 1459 378 1494 H
412 1453 609 1509 Agathou
641 1454 699 1493 sic
732 1452 954 1495 describit:

427 1522 526 1574 ὀρθοί
555 1539 600 1564 τε
633 1521 794 1569 κανόνες
827 1523 1066 1576 ἐζυγωμένοι
1100 1525 1178 1568 δύο.

125 1598 167 1637 et
198 1595 472 1637 Theodectes:

424 1663 568 1705 ἔπειτα
602 1663 726 1705 δισσοὶ
760 1662 923 1710 κανόνες
957 1664 1155 1719 ἰσόμετροι
1190 1666 1322 1718 πάνυ,

423 1735 584 1780 τούτους
621 1735 659 1776 δὲ
693 1734 871 1785 πλαγιος
906 1735 974 1776 δια
1007 1735 1133 1785 μέσου
1168 1738 1305 1780 συνδεῖ
1332 1738 1471 1782 κανών.

184 1807 296 1862 Ergo
343 1806 397 1848 τοὶ
445 1807 600 1847 Ἰωνικα
643 1805 887 1858 γράμματα
930 1807 1003 1848 diu
1044 1811 1139 1849 ante
1180 1808 1406 1852 Euclidem
1448 1814 1624 1867 privatis
1655 1815 1700 1856 in

123 1892 203 1920 usu
234 1878 362 1919 fuisse
393 1877 600 1919 videmus.

183 1950 392 2003 Antiquae
423 1949 651 2003 scripturae
684 1952 772 1999 (τῆς
807 1950 994 1994 παλαιᾶς
1023 1950 1337 2003 γραμματικῆς)
1367 1953 1608 2009 exemplum
1638 1959 1700 1998 est

123 2021 168 2061 in
199 2019 434 2076 fragmento
466 2019 623 2060 Achaei
655 2019 764 2074 apud
796 2019 1062 2060 Athenaeum
1094 2033 1188 2076 pag.
1226 2019 1310 2061 466
1328 2034 1365 2064 F.
1402 2024 1528 2078 (apud
1560 2025 1701 2068 Nauc-

125 2090 247 2132 kium
278 2103 374 2145 pag.
410 2087 527 2142 585.)
561 2091 605 2130 in
636 2089 786 2144 poculo
816 2090 1015 2144 inscripto
1049 2096 1301 2132 AIONTCO
1337 2092 1576 2152 (Διονύσου).

427 2160 443 2200 ὂ
478 2159 517 2200 δὲ
551 2159 705 2211 σκύφος
738 2176 791 2209 με
824 2163 893 2200 τοῦ
927 2160 1011 2200 θεοῦ
1045 2166 1172 2202 καλεῖ
1201 2161 1336 2203 παλαι

428 2230 471 2271 τὸ
506 2229 687 2280 γραμμα
720 2235 890 2280 φαῖνον,
927 2229 1037 2271 δέλτ’
1070 2232 1170 2272 ἰῶτα
1202 2232 1270 2273 καὶ
1305 2234 1435 2285 τρίτον

427 2306 473 2341 Ω
508 2307 583 2342 ΝΥ
617 2302 701 2341 τότ’
734 2307 767 2341 Υ
801 2300 969 2352 mmm,
1004 2303 1099 2343 κούκ
1131 2303 1334 2345 ἀπουσίαν

429 2371 472 2412 ἐκ
504 2371 738 2413 τούπίκεινα
770 2371 846 2412 σαν
879 2371 925 2412 το’
957 2372 994 2412 τ’
1030 2377 1064 2413 O
1099 2373 1353 2424 κηρύσσετον.

130 2443 188 2484 sic
230 2441 447 2484 Nauckius
488 2442 643 2491 edidit,
686 2442 757 2483 sed
796 2442 1130 2484 restituendum:
1173 2444 1240 2485 καὶ
1273 2444 1403 2497 τρίτον
1437 2452 1510 2489 ΟΥ
1543 2454 1620 2490 NT
1653 2448 1701 2491 τό

130 2516 166 2554 τ’
191 2511 249 2554 &T
282 2513 452 2564 παρεςι,
483 2516 577 2553 tum
611 2518 726 2554 ΣΑΝ
760 2513 806 2554 το’
832 2513 870 2553 τ’
901 2519 974 2554 ΟΥ
1005 2513 1259 2563 κηρύσσετον.
1309 2516 1559 2572 Appellatur
1585 2521 1699 2562 enim

130 2583 239 2639 apud
281 2583 451 2625 Veteres
493 2585 537 2623 τὸ
582 2589 616 2624 Ο
662 2580 702 2624 οὗ
745 2587 786 2624 et
826 2583 870 2624 τὸ
917 2589 948 2624 G
989 2581 1050 2633 εἷ,
1094 2589 1135 2626 et
1172 2585 1413 2628 Athenaeus
1444 2588 1488 2628 in
1518 2602 1605 2644 sqq.
1640 2592 1699 2631 sic

129 2655 370 2708 scripserat:
415 2653 566 2699 πάντες
610 2653 642 2694 οἱ
679 2654 842 2705 οέρχαῑοι
877 2655 931 2705 τῷ
967 2660 1039 2695 ΟΥ
1076 2656 1173 2710 (non
1205 2657 1260 2707 τῷ
1296 2658 1348 2712 Ο)
1383 2658 1622 2710 ἀπεχρῶντο
1657 2663 1698 2702 οὐ

131 2724 247 2774 μόνον
288 2725 356 2777 ἐφ’
400 2723 442 2773 ἧς
482 2729 546 2765 νῦν
578 2725 781 2766 τάττεται
815 2725 1046 2775 δυνάμεως,
1081 2725 1196 2767 οέλλα
1231 2726 1297 2767 καὶ
1332 2724 1397 2768 ὅτε
1430 2730 1501 2777 τὴν
1533 2729 1700 2783 δίφθογ-

128 2811 199 2844 γον
231 2795 486 2846 διασημαίνει
522 2794 587 2836 δια
620 2798 688 2836 τοῦ
724 2801 796 2836 OT
834 2796 930 2852 (non
964 2797 1018 2851 O)
1048 2795 1168 2847 μόνου
1199 2796 1445 2850 γράφουσιν.
