1946 3298
955 139 1040 182 594

270 265 465 320 Pompeii
507 263 576 306 ¹70.
622 263 692 305 22.
737 263 934 307 Codices:
971 264 1064 306 τότε
1099 265 1140 306 δὲ
1173 265 1368 312 άλλήλοις
1403 266 1634 317 μαχόμενοι
1669 270 1783 313 συνῆ-

213 352 304 379 σαν,
355 336 484 378 Recte
518 335 668 378 Coraes
700 336 980 386 μαχούμενοι,
1018 336 1089 378 sed
1121 337 1317 389 συνῄεσαν
1345 337 1456 390 quod
1480 337 1595 378 idem
1622 338 1785 392 reponit

212 421 295 450 non
326 410 388 450 est
420 421 519 451 vera
550 407 698 449 forma.
762 406 1036 457 Plutarchus,
1080 410 1129 448 ut
1161 419 1305 448 omnes
1338 408 1411 461 qui
1443 406 1655 463 eleganter
1687 409 1785 449 scri-

210 478 385 528 bebant,
422 479 559 519 utitur
590 477 737 519 formis
769 478 923 519 Atticis
957 475 1081 531 ᾖμεν,
1116 475 1185 529 ᾖτε
1221 480 1261 519 et
1289 475 1415 529 ἦσαν,
1445 492 1547 533 quas
1573 476 1786 534 refingunt

211 549 368 592 scribae
413 547 581 598 sedulo,
624 547 707 588 nisi
750 547 913 602 quando
955 548 997 589 in
1042 548 1176 590 veteri
1217 548 1370 590 mendo
1403 548 1704 590 delitescebant
1736 552 1785 589 ut

209 621 254 661 in
288 623 552 661 CTNHCAN
584 631 658 673 pro
691 623 879 672 συνῇσαν.

273 758 469 812 Pompeii
511 755 583 799 71.
633 758 671 799 1.
714 756 759 798 τὸ
805 755 1034 808 Φαρσάλιον
1080 756 1214 799 πεδίον
1256 757 1403 809 ἀνδρῶν
1446 755 1513 797 καὶ
1548 754 1681 798 ἵππων
1714 756 1783 797 καὶ

213 827 346 871 ὅπλων
393 827 692 875 Ἀνεπέπληςο.
770 827 1049 878 Plutarchus,
1100 831 1149 869 ut
1197 829 1350 870 caeteri
1395 828 1495 869 boni
1541 828 1784 882 scriptores,

212 899 439 956 diligenter
479 898 769 954 distinguebat
811 897 1129 948 ἘΜπίμπλημι
1174 901 1216 940 et
1247 898 1615 948 ἈΝΑπίμπλημι.
1665 897 1788 939 Ἀνά·

211 979 344 1015 πλεως
377 970 487 1011 enim
524 971 565 1010 et
597 967 921 1018 ἀναπιμπλάναι
950 971 1121 1024 ponitur
1148 969 1198 1011 de
1223 970 1348 1011 rebus
1374 971 1573 1018 sordidis,
1606 970 1786 1026 spurcis,

210 1041 421 1097 turpibus,
455 1041 637 1089 miseris,
673 1037 875 1094 αἳματος,
907 1040 1061 1089 κονίας,
1098 1043 1229 1087 πηλοῦ
1264 1043 1304 1081 et
1337 1041 1433 1081 sim.
1467 1040 1611 1094 itaque
1642 1038 1688 1080 τὸ
1718 1055 1788 1080 πε-

210 1112 287 1153 δίον
350 1110 494 1160 άνδρῶν
551 1108 835 1156 Ἀνεπέπληςο
883 1111 1077 1165 ineptum
1127 1113 1189 1151 est
1234 1121 1310 1165 pro
1358 1109 1652 1156 Ἐνεπέπληςο.
1698 1110 1786 1152 vid.

210 1182 363 1238 Pomp.
414 1178 484 1222 74.
532 1179 604 1221 21.
652 1179 720 1221 καὶ
766 1180 809 1221 σὲ
852 1179 1053 1232 δυςυχιάς
1098 1180 1404 1228 ἀναπλήσασαν
1438 1179 1655 1228 τοσαύτης.
1719 1179 1789 1222 Sic

217 1251 287 1294 61.
335 1250 390 1292 12
433 1250 632 1292 mendose
674 1249 916 1307 legebatur:
963 1247 989 1303 c}
1033 1267 1094 1296 τις
1133 1251 1386 1303 ἐνετύγχανε
1421 1250 1538 1292 πάθει
1574 1275 1628 1281 -
1662 1251 1788 1303 τούτῳ

214 1322 343 1376 φέρων
378 1322 522 1363 ἐκεῖνον
558 1321 870 1371 ἘΝεπίμπ-λη,
905 1322 979 1363 ubi
1012 1323 1200 1377 optimus
1230 1323 1350 1363 testis
1383 1320 1680 1370 ἈΝεπίμπλει
1708 1335 1789 1364 ser-

213 1394 352 1443 vavit,·
386 1392 431 1433 id
464 1395 526 1433 est
558 1391 830 1442 άνεπίμπλΗ.
894 1391 1117 1434 Praeterea
1147 1392 1414 1435 scribendum
1445 1392 1622 1435 τούτΟΤ
1660 1391 1790 1445 φέρων

213 1464 358 1507 ἐκεῖνον
389 1462 648 1513 άνεπίμπλη.

271 1603 467 1658 Pompeii
508 1600 578 1645 ¹79.
619 1601 691 1644 20.
729 1603 860 1659 periit
901 1601 1127 1659 Pompeius
1170 1601 1364 1651 ἑξήκοντα
1405 1602 1480 1652 μὲν
1523 1603 1603 1648 ἐνὸς
1636 1601 1787 1650 δέοντος

209 1678 338 1727 (recte
379 1672 564 1715 Sintenis
608 1672 772 1727 δέοντΑ)
817 1672 1027 1722 βεβιωκὼς
1073 1670 1163 1721 ἔτη,
1199 1678 1276 1727 μιᾷ
1310 1672 1346 1715 δ’
1380 1670 1513 1725 ὕςερον
1548 1672 1679 1727 ἡμέρα
1713 1678 1786 1722 τῆς

211 1744 416 1797 γενεθλίου
461 1742 671 1800 (Calendis
711 1741 962 1798 Octobribus)
994 1743 1247 1791 τελευτήσας
1291 1744 1358 1785 τὸν
1390 1743 1492 1792 βίον.
1531 1744 1788 1786 Etiamnunc

211 1815 467 1858 Plutarchus
497 1813 674 1856 fallitur.
738 1813 968 1869 Pompeius
1001 1827 1107 1856 anno
1144 1813 1229 1856 106
1261 1818 1386 1857 natus
1420 1819 1461 1856 et
1493 1815 1654 1857 occisus
1683 1828 1789 1857 anno

213 1886 269 1929 48
301 1887 411 1929 vixit
444 1898 570 1928 annos
601 1883 756 1935 LVIH,
793 1898 876 1926 non
907 1883 1022 1928 LIX.

271 2026 467 2081 Pompeii
508 2023 577 2066 80.
613 2023 682 2065 29.
725 2025 882 2066 eximia
914 2028 956 2066 et
986 2024 1188 2080 palmaris
1221 2028 1283 2067 est
1315 2024 1507 2080 Emperii
1539 2024 1789 2068 emendatio.
1859 2047 1863 2050 ·

211 2097 261 2139 In
298 2096 420 2138 libris
453 2099 537 2137 est:
574 2100 733 2146 Καῖσαρ
768 2095 887 2136 ἐλθὼν
920 2095 976 2141 εἷς
1011 2094 1222 2145 Αἴγυπτον
1257 2095 1491 2145 αύγουστοσ
1525 2093 1624 2137 οὕτω
1658 2112 1787 2137 κατα-

213 2166 514 2217 πεπληγμένην
545 2167 634 2208 sine
665 2165 754 2208 ullo
788 2180 923 2207 sensu.
989 2165 1204 2221 Scriptum
1239 2170 1328 2208 erat
1358 2168 1403 2208 in
1434 2169 1602 2209 vetusto
1636 2165 1790 2209 Codice

213 2242 1332 2280 AFOTCTOCOTTOTKATAHeHAHCMeNHN.
1348 2237 1392 2279 id
1410 2240 1490 2288 est,
1508 2240 1556 2278 ut
1567 2237 1791 2293 Emperius

215 2310 421 2364 repperit,
457 2308 583 2358 άγους
620 2307 809 2348 τοσούτου
843 2306 1274 2361 καταπεπλησμένην,
1318 2308 1390 2349 sed
1429 2308 1621 2363 stupidus
1655 2308 1792 2350 scriba

216 2380 298 2421 sibi
340 2380 456 2421 visus
500 2380 561 2420 est
603 2377 745 2419 videre
787 2376 1021 2427 Αὔγουστος
1066 2381 1108 2420 et
1140 2392 1275 2420 errare
1306 2392 1484 2435 pergens
1519 2384 1589 2419 OT
1595 2384 1712 2420 ΤΟΥ
1745 2380 1790 2420 in

214 2447 312 2491 οὕτω
341 2449 546 2491 convertit
574 2454 616 2489 et
643 2449 1056 2499 καταπεπληγμένην
1084 2449 1306 2490 substituit
1332 2463 1406 2504 pro
1432 2448 1790 2499 καταπεπλησμέ-

213 2537 292 2568 νην.
342 2518 596 2560 Plutarchus
627 2532 701 2573 pro
734 2517 950 2565 άνάπλεως
985 2522 1026 2561 et
1058 2508 1405 2570 άναπιμπλάναι,
1439 2520 1593 2575 quibus
1619 2519 1789 2562 Veteres

212 2591 439 2634 utebantur
480 2590 523 2629 in
565 2603 607 2629 re
648 2604 796 2645 spurca
836 2598 873 2631 et
906 2591 1054 2646 foeda,
1098 2590 1204 2632 solet
1247 2590 1422 2633 subinde
1462 2589 1711 2638 κατάπλεως
1747 2594 1789 2633 et

214 2657 567 2711 καταπιμπλάναι
604 2659 782 2701 scribere
814 2673 1062 2702 concursum
1093 2661 1307 2704 vocalium
1339 2663 1492 2704 vitans.

277 2798 516 2854 comparat.
560 2797 751 2854 Agesilai
791 2802 833 2840 et
874 2799 1068 2855 Pompeii
1112 2799 1152 2841 3.
1197 2799 1235 2842 2.
1270 2799 1434 2851 μεγέθει
1468 2799 1702 2851 δυνάμεων,
1735 2797 1787 2846 ἃς

217 2870 459 2923 ἐπηγάγετο
499 2868 736 2919 Πομπήϊος,
783 2868 851 2910 καὶ
884 2870 1029 2918 πλήθει
1062 2869 1358 2923 παρατάξεων,
1393 2866 1441 2919 ἃς
1477 2871 1677 2927 ἐνίκησεν,
1706 2871 1786 2914 οὐδ’
