1946 3298
924 168 1010 210 564

181 295 230 337 B.
261 293 305 337 G.
338 295 370 337 I.
406 294 476 336 35.
511 298 588 336 τῶν
619 293 850 344 βουλευτῶν
875 318 929 324 —
958 293 1052 336 τότε
1086 289 1205 333 όντων
1232 290 1351 342 μόλις
1378 291 1492 345 ἀμφὶ
1522 291 1614 339 τοὺς
1644 308 1755 344 τρια-

181 365 334 412 κοσίους
379 364 529 418 ἐτέρους
561 363 751 407 τοσούσδε
783 365 921 410 αὐτοῖς
954 365 1036 406 απὸ
1070 364 1147 404 τῶν
1178 362 1333 404 ἱππέων
1366 363 1570 413 εἰσηγεῖτο
1604 363 1755 415 οὶριςίν-

182 436 250 484 δην
283 439 672 489 προσκαταλεγῆναι
707 434 773 476 καὶ
809 437 853 476 ἐκ
884 435 1004 476 τῶνδε
1039 433 1202 476 παντων
1236 434 1290 480 εἷς
1318 433 1363 474 τὸ
1391 433 1543 483 μέλλον
1571 431 1672 475 εἶναι
1700 433 1754 475 τοὶ

183 507 406 560 δικαςηρια.
473 508 716 562 Appianum
762 519 926 560 quoque
967 505 1085 548 vides
1127 506 1171 545 in
1214 518 1261 546 ea
1293 505 1487 559 opinione
1519 505 1676 546 versari
1707 507 1756 545 ut

182 580 397 620 existimet
418 581 609 631 primores
636 578 840 632 equestris
869 577 1026 617 ordinis
1058 575 1289 632 (αριςίνδην)
1311 575 1356 615 in
1383 572 1556 616 Curiam
1585 574 1756 616 allectos

182 653 223 691 et
255 652 463 691 senatores
496 648 626 689 factos
657 647 1081 702 (προσκαταλεγῆναι)
1099 678 1109 696 ,
1139 650 1180 688 et
1207 645 1317 700 quod
1349 645 1465 686 addit
1482 659 1604 698 penes
1632 650 1757 685 utros-

176 735 249 775 que
279 722 416 759 mixtos
447 717 596 758 iudicia
617 717 779 772 fuisse,
813 718 1085 772 perspicuum
1116 719 1178 757 est
1209 716 1323 757 idem
1358 716 1621 756 existimasse
1653 714 1756 756 Plu-

178 790 375 832 tarchum
415 802 673 843 quamquam
715 801 796 829 non
840 787 992 829 diserte
1035 787 1158 828 dixit.
1224 785 1397 828 Rectius
1438 790 1480 827 et
1521 787 1662 828 verius
1706 785 1756 827 de

175 862 272 918 lege
315 859 562 915 Sempronia
602 859 825 900 iudiciaria
867 860 1034 913 scripsit
1080 858 1299 913 Appianus
1339 856 1389 897 B.
1425 854 1468 898 C.
1514 856 1545 897 Ι.
1592 855 1662 898 22.
1701 855 1757 897 τα

181 931 394 982 δικαςηρια
427 928 645 978 ἀδοξοῦντα
680 929 745 970 ἐπὶ
780 929 1024 981 δωροδοκίαις
1060 929 1112 975 εἷς
1148 927 1240 974 τοὺς
1270 926 1421 973 ἱππέας
1451 931 1757 968 ΜΕΤΕΦΕΡΕ

179 1004 235 1045 τα
270 1000 449 1051 ὑπόγυια
482 1000 646 1050 μαλιςα
675 1001 812 1046 αὐτοῖς
846 998 1036 1050 ἅνειδίζων
1065 996 1123 1040 ὅτι
1157 998 1363 1050 Κορνήλιος
1394 997 1513 1054 (Leg.
1544 998 1756 1051 Αὐρήλιος)

180 1072 341 1117 Κόττας
385 1070 453 1111 καὶ
498 1070 739 1121 Σαλινάτωρ
782 1070 851 1111 καὶ
895 1070 1027 1121 τρίτος
1061 1069 1126 1111 ἐπὶ
1159 1070 1312 1116 τούτοις
1345 1067 1501 1114 Μανιος
1538 1067 1757 1113 Ἀκύλλιος

182 1145 198 1186 ὁ
227 1144 299 1192 την
326 1141 472 1183 Ἀσίαν
500 1141 595 1181 ἑλὼν
625 1145 768 1193 σαφῶς
799 1139 1148 1192 δεδωροδοκηκότες
1177 1141 1346 1192 ἀφεῖντο
1379 1139 1454 1180 ὑπὸ
1481 1139 1557 1179 τῶν
1587 1139 1758 1182 δικαςῶν

181 1212 220 1256 οἵ
257 1229 301 1255 τε
347 1210 538 1264 πρέσβεις
582 1212 614 1252 οἱ
659 1211 754 1252 κατ’
798 1211 930 1252 αὐτῶν
969 1214 1085 1252 ''GTI
1125 1209 1320 1262 παρόντες
1354 1210 1424 1251 σὺν
1456 1209 1585 1262 φθόνῳ
1619 1212 1758 1250 ταῦτα

180 1283 394 1338 περιϊόντες
438 1281 732 1333 ἐκεκράγεσαν.
767 1306 822 1312 —-
856 1281 923 1322 καὶ
969 1280 1200 1334 μετηνέχθη
1243 1278 1314 1323 ὧδε
1361 1281 1416 1325 εἷς
1463 1281 1554 1326 τοὺς
1604 1278 1758 1325 ἱππέας

181 1357 263 1400 ἀπὸ
307 1361 379 1404 τῆς
425 1354 575 1405 βουλῆς
609 1353 665 1395 τα
698 1352 923 1404 δικαςηρια.
988 1352 1206 1393 Disertum
1241 1359 1282 1393 et
1311 1351 1500 1406 locuples
1532 1351 1610 1392 hoc
1643 1351 1760 1391 testi-

179 1428 374 1471 monium
402 1429 477 1466 est.
520 1424 801 1479 Exprobravit
828 1420 955 1465 Caius
990 1421 1165 1480 Senatui
1196 1436 1338 1464 recens
1370 1422 1561 1463 iudicum
1593 1434 1760 1476 corrup·

179 1503 322 1541 torum
352 1496 534 1545 facinus,
570 1495 721 1550 quibus
753 1497 836 1536 tres
867 1495 928 1535 rei
962 1494 1011 1535 de
1051 1493 1294 1549 repetundis
1334 1506 1589 1548 quamquam
1625 1492 1759 1533 mani-

179 1571 298 1612 festis
340 1566 589 1609 criminibus
628 1569 669 1606 et
700 1566 954 1606 testimoniis
987 1566 1170 1606 convicti
1201 1568 1344 1605 tamen
1378 1567 1514 1604 essent
1548 1561 1756 1611 absoluti,

181 1638 380 1684 Aurelius
423 1636 567 1690 Cotta,
610 1635 759 1677 Livius
802 1633 1013 1676 Salinator
1056 1638 1096 1676 et
1136 1634 1210 1676 M’.
1256 1633 1494 1689 Aquillius,
1543 1634 1614 1688 qui
1654 1646 1760 1674 anno

183 1709 268 1753 126
311 1707 581 1762 triumphum
622 1720 672 1747 ex
714 1707 815 1748 Asia
859 1705 1046 1747 duxerat.
1112 1705 1213 1746 Erat
1255 1705 1357 1745 haec
1399 1704 1564 1746 invidia
1595 1717 1758 1752 recens,

179 1792 363 1834 namque
401 1778 535 1834 legati
577 1777 817 1818 civitatium
853 1778 925 1830 qui
959 1776 1009 1817 ad
1042 1775 1326 1817 accusandum
1357 1778 1558 1816 venerant
1590 1774 1760 1815 noudum

180 1855 292 1894 eraut
339 1850 464 1890 Roma
502 1847 682 1902 profecti
732 1846 779 1902 (οἳ
827 1846 1019 1898 πρέσβεις
1068 1847 1100 1887 οἱ
1146 1847 1241 1887 κατ’
1285 1847 1416 1886 αὐτῶν
1461 1846 1517 1886 ἔτι
1564 1843 1760 1897 παρόντες

181 1920 490 1974 ἐκεκράγεσαν).
555 1919 658 1960 Erat
699 1917 908 1959 iudicium
954 1931 1088 1959 unum
1129 1921 1170 1958 et
1212 1917 1342 1962 idem,
1382 1918 1427 1958 in
1471 1930 1551 1971 quo
1591 1929 1759 1958 causam

180 1995 289 2036 dixit
332 1990 405 2033 Μ’.
455 1989 670 2044 Aquillius
716 2003 790 2044 pro
838 1999 924 2030 Cos.
971 1992 1012 2029 et
1056 1988 1136 2030 duo
1178 1987 1311 2044 legati
1344 1987 1430 2042 (vel
1460 1987 1629 2042 legatus
1663 2000 1760 2028 cum

181 2062 423 2117 Quaestore)
466 2060 663 2102 Aurelius
706 2059 831 2100 Cotta
868 2063 909 2101 et
941 2059 1090 2100 Livius
1123 2057 1344 2100 Salinator.
1408 2057 1649 2100 Manifestis
1682 2059 1758 2099 cri-

179 2134 367 2178 minibus
427 2131 675 2172 tenebantur
733 2131 894 2184 (σαφῶς
948 2128 1317 2184 δεδωροδοκηκότες)
1368 2132 1410 2169 et
1458 2142 1555 2169 cum
1604 2141 1760 2184 magna

177 2206 370 2248 iudicum
402 2202 564 2244 invidia
599 2200 782 2242 absoluti
816 2200 1106 2241 discesserunt.
1164 2199 1234 2241 Sic
1267 2201 1403 2256 igitur
1435 2199 1592 2240 iudicia
1622 2199 1761 2241 Patri·

177 2278 256 2319 bus
290 2280 430 2329 erepta
463 2276 505 2313 et
535 2272 587 2313 ad
614 2271 803 2313 ordinem
833 2275 1069 2325 equestrem
1097 2270 1300 2312 translata
1329 2275 1438 2311 sunt.
1482 2269 1590 2312 Vell.
1619 2270 1762 2312 Pater-

183 2347 302 2389 culus
327 2344 378 2386 ΙΙ.
412 2342 479 2383 32.
509 2343 745 2392 „iudicandi
768 2357 929 2396 munus,
956 2342 1059 2393 quod
1085 2342 1129 2383 C.
1160 2342 1358 2382 Gracchus
1384 2353 1583 2382 EREPTUM
1602 2342 1762 2383 Senatui

185 2419 238 2459 ad
263 2416 410 2471 equites
428 2438 483 2444 -
501 2412 799 2454 transtulerat?
832 2412 950 2454 Idem
968 2412 1020 2453 II.
1042 2411 1081 2454 6.
1102 2445 1123 2463 ‚,
1135 2413 1170 2452 C.
1196 2413 1393 2453 Gracchus
1412 2438 1465 2442 —
1489 2412 1643 2452 iudicia
1660 2428 1684 2453 (ι
1701 2413 1764 2453 Se-

181 2493 277 2530 natu
303 2486 572 2540 transferebat
599 2487 651 2524 ad
677 2483 861 2535 equites.''
878 2484 954 2524 ubi
971 2482 1251 2524 Ruhnkenius
1269 2485 1440 2538 apponit
1457 2483 1598 2525 locum
1617 2483 1765 2525 Varro-

180 2561 269 2602 nis:
299 2556 363 2612 (C.
399 2553 628 2608 Gracchus)
662 2554 851 2608 „iniquus
881 2554 1047 2594 Senatui
1075 2554 1242 2609 equestri
1267 2554 1400 2594 ordini
1430 2554 1580 2594 iudicia
1598 2554 1765 2595 tradidit

184 2645 230 2671 αο
262 2626 455 2680 bicipitem
487 2626 682 2665 civitatem
702 2624 852 2679 fecit.''
886 2638 1082 2679 compara
1113 2624 1286 2665 Florum
1321 2624 1393 2665 III.
1442 2624 1510 2667 17.
1574 2624 1765 2666 Disertus

184 2698 399 2754 imprimis
430 2696 550 2737 testis
583 2698 645 2735 est
678 2692 822 2736 Cicero
854 2695 896 2735 iu
937 2695 1092 2735 Verrem
1124 2694 1155 2735 I.
1194 2694 1262 2736 13.
1293 2695 1373 2736 duo
1402 2699 1591 2749 tempora
1617 2695 1763 2736 distin-

185 2780 338 2827 guens:
387 2781 528 2821 „quum
571 2769 742 2819 equester
784 2766 876 2805 ordo
916 2766 1112 2806 iudicaret
1159 2781 1280 2807 armos
1318 2781 1440 2819 prope
1482 2767 1767 2819 quinquaqinta

185 2837 406 2881 continuos”
436 2836 503 2891 (ab
532 2848 638 2877 anno
667 2833 751 2876 123
784 2849 916 2889 usque
945 2837 996 2877 ad
1024 2836 1112 2885 81).
1143 2840 1184 2878 et
1217 2836 1409 2886 „iudici-2¹8
1436 2836 1490 2876 ad
1517 2838 1764 2878 Senatorium

187 2910 360 2952 ordinem
392 2904 638 2950 translatis?
687 2904 836 2948 Livius
867 2907 912 2946 in
944 2906 1121 2959 Epitome
1153 2906 1289 2948 LXX.
1321 2907 1511 2957 „Senatus
1536 2922 1620 2947 cum
1646 2907 1765 2961 impo—
