1946 3298
965 172 1051 215 154

275 295 393 339 Suid.
429 311 471 341 v.
499 296 636 350 ’Όζων
676 298 779 340 κοξκ
822 302 898 340 τῶν
931 297 1184 351 μασχαλῶν,
1245 297 1384 340 Miror
1416 311 1497 354 quo
1526 301 1649 355 pacto
1679 298 1794 342 Bek-

216 367 342 410 kerus
383 370 541 424 passim
585 368 855 424 putidissima
893 371 935 410 et
968 368 1232 423 apertissima
1263 368 1469 411 librorum
1501 371 1607 411 vitia
1637 371 1796 412 intacta

218 437 447 495 reliquerit.
496 440 682 494 Apparet
714 437 892 480 Suidam
924 438 1086 480 dedisse
1119 436 1214 490 ἔζων
1247 438 1413 481 κακόν
1443 452 1527 481 non
1558 441 1650 482 κοξκ.
1705 439 1794 482 No·

219 511 313 550 tum
369 509 557 565 syllabae
605 525 644 550 ον
691 508 990 564 compendium
1037 509 1163 551 modo
1210 510 1490 566 incogitanter
1534 510 1794 567 negligitur,

219 579 346 622 modo
378 579 508 622 stulte
540 579 724 622 additur.

280 760 397 804 Suid.
445 776 486 804 v.
535 759 956 812 Ὀργυιωμένοις
1001 760 1304 812 ἐκτεταμέναις,
1349 761 1620 812 ἐπιθυμοῦσιν.
1685 758 1796 812 Quid

218 837 341 887 putes
381 832 457 874 hos
500 831 686 873 eruditos
725 833 1025 887 grammaticos
1058 833 1264 889 cogitasse
1297 846 1428 887 quum
1459 831 1560 874 haec
1593 831 1796 873 describe-

219 901 339 946 rent?
400 902 522 945 Nihil
564 916 674 944 sane.
739 901 1004 954 Quantillum
1053 907 1141 944 erat
1187 904 1416 959 corrigere:
1470 900 1794 953 Ὀριγνωμένοις.

222 973 373 1016 Suidas
418 974 507 1028 ipse
554 974 599 1014 in
646 973 802 1014 vicinia
849 973 1016 1027 scripsit
1055 986 1095 1014 V.
1142 973 1440 1024 Ὀριγνηθῆνκιῑ
1466 973 1794 1024 -ὅριγνώμενος

223 1043 430 1095 Χριςιοινὸς
474 1043 674 1094 γενέσθαι.
742 1042 943 1098 Lepidius
975 1046 1038 1084 est
1071 1045 1200 1084 etiam
1234 1043 1368 1085 multo
1401 1045 1475 1085 ubi
1505 1042 1798 1085 huiuscemodi

223 1116 441 1171 scripturis
467 1115 857 1170 interpretationem
886 1112 1073 1168 aliquam
1102 1113 1152 1155 de
1180 1127 1255 1155 suo
1281 1115 1672 1156 comminiscuntur.
1706 1112 1800 1154 Sui-

224 1185 296 1228 das
328 1200 372 1228 v.
401 1182 522 1236 Αἶψοι
549 1184 741 1227 laudavit
766 1182 1009 1240 perelegans
1034 1183 1242 1226 Leonidae
1271 1183 1488 1226 Tarentini
1515 1187 1798 1241 epigramma:

525 1254 690 1307 Λοὲζεο,
725 1257 931 1304 τιμήεσσα
965 1253 1184 1306 Κυθηριοὲς,
1219 1255 1454 1304 ὑμνοπόλοιο

588 1323 699 1378 αἶψα
732 1325 833 1367 τάδε
866 1328 1026 1367 κλειτοῦ
1061 1325 1164 1377 δῶρα
1195 1326 1411 1368 Λεωνίδεω.

222 1396 403 1440 feliciter
434 1398 622 1440 restituit
652 1400 799 1452 poetae
828 1410 1004 1438 manum
1036 1396 1282 1439 Fredericus
1312 1396 1480 1439 Iacobs:

549 1467 678 1509 λιτοὶ
711 1468 801 1509 τάδ’
834 1468 889 1509 ἐκ
922 1470 1072 1509 λιτοῦ
1108 1466 1211 1519 δῶρα
1243 1467 1462 1509 Λεωνίδεω.

281 1538 488 1595 Imposuit
520 1537 674 1580 Suidae
705 1539 934 1593 scriptura:

697 1614 1276 1659 AIQPATAAGKAGITOT,

222 1695 319 1724 nam
363 1686 463 1722 ΛΙΤ
497 1684 538 1723 et
569 1685 668 1722 ΑΙΨ
700 1681 745 1721 in
776 1679 896 1721 libris
930 1682 1106 1722 vetustis
1134 1694 1217 1722 non
1249 1680 1371 1722 facile
1405 1680 1582 1723 discerni
1612 1685 1800 1737 possunt.

225 1751 335 1803 Quid
360 1749 517 1808 igitur?
564 1750 710 1793 Dedit:
743 1747 905 1802 Αἷψοιτ
941 1752 1100 1792 θᾶττον.
1135 1765 1393 1806 quamquam
1423 1748 1534 1802 οιῖψοι
1560 1766 1642 1794 non
1670 1753 1802 1809 signi-

223 1820 320 1864 ficat
352 1824 498 1863 θοῖττον
532 1826 573 1863 et
605 1823 749 1863 θεὶττον
784 1823 925 1876 ipsum
960 1836 1053 1863 cum
1090 1820 1172 1864 loci
1204 1823 1411 1864 sententia
1440 1826 1619 1878 pugnat.

283 1993 402 2037 Suid.
435 2009 474 2038 v.
511 1993 676 2045 Κομμός
709 1996 1010 2050 interpretatur
1037 2008 1124 2036 esse
1153 1994 1360 2046 περίεργος
1390 1992 1586 2044 κόσμησις
1614 1994 1803 2051 cogitans

223 2065 273 2108 de
305 2070 506 2116 κομμοῦν,
542 2066 802 2116 κομμώτρικ,
838 2066 1103 2120 κομμωτική,
1136 2066 1207 2108 sed
1239 2065 1348 2107 nihil
1380 2069 1442 2107 est
1473 2065 1539 2106 his
1571 2079 1668 2107 cum
1702 2081 1801 2116 κομ-

222 2137 298 2186 μός
337 2139 522 2194 negotii,
574 2137 684 2192 quod
727 2151 778 2179 ex
810 2137 1032 2178 κόπτεσθαι
1066 2140 1108 2178 et
1140 2137 1346 2186 κέκομμοιι
1379 2139 1636 2192 prognatum
1667 2140 1730 2177 est
1762 2140 1804 2178 et

214 2208 422 2261 planetum
479 2208 709 2261 significat,
769 2207 883 2249 idem
941 2207 1052 2262 quod
1097 2207 1279 2253 κοπετός.
1357 2206 1488 2249 Addit
1534 2206 1800 2262 exemplum:

225 2279 365 2328 ἠγεῖτο
409 2280 606 2329 γυνκικῶν
637 2278 762 2329 μυρίοι
794 2278 948 2325 πληθὺς
982 2278 1094 2327 μετὰ
1137 2280 1351 2328 κομμοῦ
1396 2277 1464 2318 xxi
1499 2277 1727 2327 ὅλολυγῆς,
1761 2281 1803 2320 et

225 2349 366 2391 addit:
411 2350 568 2393 τουτέςι
612 2349 708 2399 γόου
743 2348 809 2390 καὶ
845 2348 1026 2400 ἕδυρμοῦ.
1089 2348 1189 2390 Vidi
1219 2360 1537 2402 nonnumquam
1570 2346 1725 2398 κομμός
1757 2349 1802 2389 in

225 2423 356 2469 κῶμος
389 2419 681 2475 depravatum.
744 2419 880 2461 Locus
913 2423 976 2461 est
1008 2418 1119 2474 apud
1150 2418 1438 2460 Iamblichum
1474 2418 1521 2458 de
1546 2418 1630 2458 vita
1656 2418 1802 2470 Pytha-

219 2505 338 2543 qorae
380 2504 430 2532 ex
471 2492 632 2546 optimo
673 2491 872 2544 scriptore
915 2491 1085 2544 antiquo
1128 2489 1359 2544 descriptus
1401 2502 1489 2543 cap.
1534 2486 1605 2529 27.
1642 2488 1664 2542 ξ
1700 2487 1800 2530 122.

224 2561 332 2613 φασὶ
377 2562 459 2613 ’γὰρ
501 2561 754 2611 ἐμπεσούσης
795 2560 870 2610 μέν
915 2576 1014 2602 ποτε
1064 2559 1195 2616 [ποιροὶ
1241 2559 1340 2616 de1.]
1389 2564 1470 2605 τοῖς
1505 2558 1800 2610 Κροτωνιάταις

227 2631 349 2682 ὁρμῆς
390 2637 630 2677 πολυτελεῖς
674 2631 873 2672 ποιεῖσθκι
915 2631 993 2677 τὰς
1037 2631 1434 2683 §acopon—simut
1470 2629 1559 2670 τινὰ
1594 2630 1802 2684 (Pytkayo-

225 2702 347 2758 reum)
384 2703 478 2753 πρὸς
511 2702 578 2743 τὸν
611 2702 732 2751 δῆμον
765 2700 824 2742 ἔτι
858 2700 1092 2752 Πυθκγόρου
1127 2700 1338 2749 διεξιόντος
1367 2700 1573 2742 ἀκούσειεν
1603 2699 1697 2751 ὑπὲρ
1724 2703 1801 2741 τῶν

227 2772 335 2813 θείων
368 2771 465 2828 (leg.
501 2772 609 2828 θεῶν)
645 2773 693 2818 ὦς
727 2773 760 2813 οἱ
788 2772 861 2821 μὲν
889 2771 1111 2821 Ὀλύμπιοι
1139 2777 1231 2818 τοοῖς
1261 2776 1337 2812 τῶν
1362 2770 1527 2812 θυόντων
1557 2770 1799 2824 διαθέσεσιν,

227 2844 269 2885 οὐ
302 2844 356 2895 τῷ
391 2847 467 2884 τῶν
499 2843 692 2892 θυομένων
725 2842 867 2891 πλήθει
902 2843 1187 2895 προσέχουσιν
1222 2842 1256 2883 οἱ
1289 2842 1329 2882 δὲ
1361 2840 1683 2893 χθόνιοι-τοῖς
1717 2841 1799 2882 κώ·

227 2929 345 2965 μοις
393 2913 462 2956 καὶ
496 2913 712 2966 θρήνοις-
730 2913 950 2965 χαίρουσιν.
1015 2912 1156 2955 Bonus
1187 2913 1391 2968 interpres
1421 2911 1627 2955 reddidit:
1661 2926 1799 2954 comes-
