1946 3298
924 121 1009 165 312

175 251 220 292 in
263 264 349 306 sqq.
391 249 483 292 οὔτε
525 250 695 298 τελετὴν
727 252 804 291 τῶν
837 248 1127 297 ὄπΩΕδήποτε
1159 246 1393 299 τιμωμένων
1426 247 1538 290 solus
1570 249 1755 293 servavit

176 319 403 363 Iamblichi
434 335 610 364 manum
644 319 939 369 ὁπΟΤδήποτε.

238 459 286 501 In
325 460 347 515 ξ
382 459 448 502 19.
486 461 560 502 ὑπὸ
594 464 670 502 τῶν
707 463 775 502 τοῦ
810 459 1041 511 Καμβύσου
1076 460 1444 513 αἱχμαλωτισθείς.
1507 459 1677 516 Optime
1707 460 1754 502 F.

177 532 219 572 et
251 532 407 573 usitato
438 544 554 572 more
587 530 662 572 ὑπὸ
696 535 772 572 τῶν
806 532 898 573 σὺν
931 531 1205 585 καμβύσιρ.

236 600 338 642 Post
369 615 500 656 pauca
530 600 711 658 legitur:
752 603 843 644 θεῶν
878 602 1086 654 θρησκείαν
1119 602 1387 650 ἐντελεςατην
1421 602 1627 653 ἐκμαθών,
1665 600 1757 642 nul-

176 670 264 713 lam
296 685 417 726 opem
450 672 530 714 fert
560 672 607 713 F.
641 673 713 715 sed
745 675 875 715 etiam
908 674 996 716 sine
1023 673 1143 717 libris
1172 676 1274 716 satis
1303 676 1464 716 constat
1493 672 1755 715 ε’ντελέςατΑ

178 755 327 785 verum
360 756 460 784 esse.

241 883 346 925 lbid.
381 889 463 930 τοῖς
495 883 648 934 μάγοις
682 884 870 935 ἁσμένοις
899 885 1216 940 συνδιατρίψας,
1246 885 1356 940 quod
1381 884 1553 927 Kuster.
1583 885 1760 926 coniecit

179 954 368 1004 ἁσμένοις
402 953 576 1005 ἄσμενος
611 955 763 997 diserte
794 957 839 997 in
870 956 916 998 F.
951 958 1156 1011 scriptum
1189 959 1264 998 est.

240 1025 288 1067 In
331 1039 418 1081 sqq.
463 1024 578 1067 ἄλλα
621 1042 666 1067 τε
703 1025 855 1068 δώδεκα
892 1026 1223 1079 ΟΤΝδιατρίψας
1258 1024 1341 1075 ἔτη.
1405 1025 1512 1069 Vera
1543 1024 1668 1068 lectio
1699 1028 1761 1068 est

180 1097 224 1138 in
256 1095 300 1138 F.
335 1095 486 1138 δώδεκα
519 1096 903 1148 ΠΡΟΕδιατρίψας.

239 1165 370 1209 Nulla
410 1166 490 1209 fide
532 1167 708 1223 dignum
751 1172 813 1209 est
855 1168 965 1223 quod
1006 1167 1266 1209 lamblichus
1296 1172 1437 1210 narrat
1468 1167 1760 1224 Pythagoram

179 1251 253 1293 per
283 1236 412 1279 XXII
444 1251 570 1279 annos
602 1239 647 1278 in
678 1238 875 1294 Aegypto
909 1242 950 1279 et
981 1237 1066 1279 XII
1098 1251 1224 1280 annos
1252 1238 1468 1294 Babylone
1494 1252 1591 1280 cum
1618 1237 1762 1294 Magis

181 1322 266 1350 una
308 1308 457 1358 fuisse,
502 1308 572 1350 sed
612 1308 662 1350 de
693 1307 964 1365 Pythagorae
996 1312 1131 1351 aetate
1164 1312 1205 1350 et
1238 1308 1463 1351 lamblichi
1494 1310 1539 1350 in
1569 1309 1763 1351 notandis

181 1379 443 1434 temporibus
474 1378 737 1436 negligentia
769 1379 851 1421 alio
883 1378 973 1421 loco
1007 1379 1270 1422 commodius
1303 1380 1478 1422 dicetur.

242 1518 291 1561 In
322 1520 345 1576 ᾗ
376 1518 443 1561 21.
478 1519 646 1570 μηδενὸς
680 1515 745 1561 οὖν
779 1520 888 1572 αὐτῷ
925 1518 1261 1572 προσΤΡέχοντος
1296 1519 1397 1570 μηδὲ
1431 1519 1603 1570 γνησίως
1630 1521 1762 1573 ὀρεγο-

181 1589 300 1641 μένου
333 1594 409 1631 τῶν
442 1590 712 1640 μαθημάτων.
776 1590 914 1632 Paene
946 1592 1080 1633 risum
1111 1595 1254 1633 movet
1288 1590 1622 1644 προστρέχοντος,
1652 1591 1763 1646 quod

183 1661 335 1702 diserte
378 1662 422 1702 in
465 1660 512 1702 F.
560 1662 766 1716 scriptum
808 1665 882 1703 est.
947 1660 1128 1717 Reperta
1173 1665 1235 1703 est
1277 1661 1379 1704 olim
1422 1676 1521 1705 vera
1553 1662 1677 1704 lectio
1711 1662 1762 1704 ab

183 1730 368 1773 Heraldo
410 1735 451 1773 et
492 1731 687 1773 Reinesio
729 1735 770 1773 et
813 1746 836 1773 a
883 1732 1064 1774 Kustero
1111 1733 1285 1788 probata
1332 1733 1498 1783 μηδενὸς
1546 1731 1610 1776 οὖν
1652 1733 1762 1785 αὐτῷ

184 1807 482 1854 προσ-(ἔχοντος.

244 1941 291 1984 In
333 1943 356 1996 ξ
397 1941 468 1984 21.
510 1942 776 1999 Pythagoras
808 1945 956 1992 γεῦσαι
992 1942 1155 1991 παντως
1188 1943 1383 1994 ἐβούλετο
1420 1949 1492 1992 τῆς
1527 1948 1603 1986 τῶν
1636 1944 1762 1995 μαθη-

184 2013 327 2065 μάτων
371 2019 571 2062 καλλονῆς
614 2013 707 2060 τοὺς
746 2015 995 2066 πατριώτας.
1060 2014 1283 2056 Nesciebat
1330 2014 1590 2057 lamblichus
1636 2029 1764 2070 quam

184 2087 324 2140 inepte
366 2084 618 2139 loqueretur.
681 2084 845 2140 Nempe
877 2089 1180 2136 πατριῶται
1213 2086 1255 2127 οἱ
1289 2085 1474 2128 δοῦλοί
1507 2087 1602 2128 εἰσιν
1635 2087 1765 2135 ἀλλή-

184 2166 290 2205 λων,
336 2159 385 2196 ut
427 2154 606 2196 Photius
649 2155 812 2206 scribit,
861 2158 902 2197 et
945 2160 1172 2207 πατριῶται
1218 2156 1267 2197 (10
1309 2157 1553 2199 hominibus
1602 2158 1764 2200 dictum

187 2227 283 2283 (non
327 2225 376 2267 de
414 2226 548 2280 equis)
592 2229 633 2266 et
675 2223 702 2266 ὦ
745 2230 954 2278 πατριῶτα
995 2230 1230 2268 constanter
1261 2227 1310 2268 de
1343 2229 1474 2270 servis
1506 2231 1548 2270 et
1578 2242 1601 2269 a
1633 2230 1765 2271 servis

183 2299 292 2338 inter
340 2310 382 2338 se
428 2295 794 2338 confabulantibus
839 2301 1118 2352 usurpantur,
1164 2299 1237 2352 qui
1280 2311 1550 2340 communem
1590 2298 1764 2352 patriam

184 2367 415 2416 habebant,
463 2366 534 2408 sed
576 2367 772 2408 civitatem
813 2381 895 2410 non
936 2368 1161 2410 habebant.
1228 2365 1424 2410 Comicus
1467 2368 1578 2424 apud
1610 2369 1762 2410 Athen.

183 2451 281 2494 pag.
317 2436 416 2479 487.
438 2452 469 2478 e.

454 2507 522 2547 καὶ
557 2506 664 2549 πάνυ
699 2523 759 2554 τις
793 2509 983 2561 εὐκαίρως
1016 2510 1211 2562 προπίνω,
1246 2509 1375 2564 φησὶ,
1409 2510 1492 2560 σοὶ,

453 2582 679 2629 πατριῶτα.

243 2650 513 2691 Pherecrates
545 2649 655 2703 apud
688 2648 824 2691 Schol.
864 2651 1077 2706 Aristoph.
1111 2653 1184 2692 Av.
1222 2649 1349 2692 1294.

304 2717 416 2770 οἶμαι
449 2719 484 2759 δ’
518 2719 639 2760 αὐτὸν
674 2719 935 2762 κινδυνεύσειν
970 2721 1025 2767 εἷς
1059 2722 1131 2768 τὴν
1163 2720 1377 2771 Αἴγυπτον
1412 2721 1522 2777 (add.
1558 2721 1688 2778 ἰόντα)

303 2789 452 2816 *2¹²*ss
484 2787 550 2830 ἵνα
582 2790 639 2840 μὴ
672 2787 822 2842 ξυνέχιῃ
855 2796 955 2832 τοῖσι
989 2792 1224 2843 Λυκούργου
1258 2794 1521 2843 πατριώταις.

180 2862 438 2904 demonstrat
469 2860 547 2902 hoc
581 2859 781 2903 vocabulo
813 2859 1062 2917 Lycurgum
1096 2876 1182 2904 esse
1215 2861 1323 2912 ξένον
1355 2862 1423 2904 καὶ
1458 2861 1687 2916 βάρβαρον.
