1946 3298
913 82 997 124 530

171 215 374 252 ΚΑΚΩΝ
424 207 603 259 ἐγένοντο
645 207 824 256 Ἕλλησί
854 225 900 250 τε
932 208 999 250 καὶ
1034 206 1291 259 βαρβάροισι.
1357 206 1597 249 Herodotus
1625 207 1751 261 scrip·

172 283 282 322 serat
313 279 635 331 ’Λρχέκακοι
669 279 849 329 ἐγένοντο
881 280 1076 320 imitatus
1107 278 1344 320 Homerum
1376 278 1494 320 Iliad.
1528 283 1576 319 E.
1612 276 1682 318 63.

422 348 462 397 ὃς
497 349 565 390 καὶ
599 347 852 402 Ἀλεξάνδρῳ
885 349 1108 397 τεκτήνατο
1143 354 1239 397 νῆας
1274 349 1385 394 ἐίσας

423 417 707 471 άρχεκάκους,
743 414 786 461 αἳ
820 422 922 461 ποῖσι
957 421 1080 461 κακὸν
1114 420 1294 471 Τρώεσσι
1330 418 1506 470 γένοντο.

235 562 338 618 Pag.
376 559 475 602 861.
497 564 530 602 b.
566 559 636 608 ήδη
670 559 752 611 γὰρ
781 561 828 606 ὡς
849 559 957 585 *³4³*
975 559 1061 611 περὶ
1091 560 1162 608 την
1187 558 1338 600 Ἰωνίσιν
1366 557 1678 610 συγκεχυμένην
1699 582 1753 588 -

179 632 375 683 Κυπρίους
421 655 474 662 -
519 630 918 683 κατεναυμάχησαν.
981 629 1140 685 Supple
1183 633 1224 671 et
1270 629 1467 672 emenda:
1513 631 1564 676 ὡς
1609 627 1754 670 'GHT-

186 707 384 743 ΘΟΝΤΟ
419 707 498 743 TA
532 701 618 753 περὶ
652 703 722 751 την
755 701 905 743 Ἰωνίαν
943 699 1262 753 συγκεχυμένΑ.

235 839 341 896 Pag.
376 838 545 895 861.f.
589 840 775 882 άδύνατα
818 838 859 881 δέ
902 843 976 891 σφι
1011 839 1055 880 τὸ
1086 837 1322 889 παραυτίκα
1357 837 1501 879 ποιέειν
1533 840 1674 879 ταῦτα
1707 839 1749 880 οὐ

179 910 456 960 βουλομένοισι
490 911 599 953 λύειν
631 910 697 952 τὸν
730 909 870 960 νόμον·
910 906 951 957 ἦν
984 909 1065 961 γὰρ
1098 907 1290 958 ἱςαμένου
1319 911 1388 949 τοῦ
1417 908 1539 958 μηνὸς
1568 908 1725 965 (ἐνάτη)
1746 923 1754 933 ·

180 980 302 1033 ἐνάτη
348 981 380 1022 δ’
424 982 491 1023 οὐκ
535 980 820 1031 ἐξελεύσεσθαι
854 978 1018 1031 ἔφασαν
1053 981 1093 1021 οὐ
1127 981 1295 1031 πλήρεος
1328 978 1455 1025 ἐόντος
1489 981 1559 1020 τοῦ
1593 978 1753 1020 κύκλου.

179 1051 227 1092 In
269 1052 335 1093 his
377 1051 498 1099 ἐνάτη
539 1052 588 1093 de
631 1053 867 1093 coniectura
909 1052 1207 1105 interpositum
1249 1053 1309 1091 est
1353 1052 1426 1091 aut
1458 1063 1509 1091 ex
1539 1049 1754 1092 Herodoto

181 1121 250 1163 VI.
303 1121 400 1163 106.
445 1123 519 1163 ubi
561 1125 622 1164 est
663 1124 707 1163 in
737 1121 882 1162 libris:
919 1118 962 1168 ἦν
996 1121 1078 1172 γάρ
1110 1120 1302 1170 ἱςαμένου
1336 1123 1405 1162 τοῦ
1437 1119 1559 1169 μηνὸς
1592 1119 1756 1175 εἰνάτη,

182 1190 320 1244 εἰνάτη
363 1191 402 1232 δὲ
447 1193 515 1233 οὐκ
558 1190 839 1240 ἐξελεύσεσθαι
885 1190 1051 1240 ἔφασαν
1095 1196 1181 1232 ΜΗ
1225 1191 1267 1231 οὐ
1310 1192 1480 1241 πλήρεος
1527 1190 1654 1238 ἐόντος
1689 1193 1760 1232 τοῦ

185 1262 348 1304 κύκλου.
411 1262 493 1304 Sed
533 1265 568 1304 si
612 1264 704 1317 quis
745 1262 823 1303 hoc
867 1264 963 1318 aget
1005 1262 1156 1303 sentiet
1197 1263 1336 1316 inepte
1370 1262 1452 1303 dici
1486 1265 1528 1303 et
1561 1262 1762 1318 coniungi

184 1332 323 1385 εἰνάτη
356 1333 396 1374 δὲ
427 1334 485 1383 μή
518 1335 558 1374 οὐ
595 1333 763 1384 πλήρεος
799 1332 929 1378 ἐόντος
961 1335 1030 1373 τοῦ
1060 1332 1225 1374 κύκλου.
1293 1331 1404 1383 Quid
1433 1330 1597 1374 multa?
1662 1330 1761 1374 Cor-

185 1405 410 1461 rigendum
445 1407 529 1446 est:
559 1402 602 1451 ἧν
635 1404 718 1455 γαρ
748 1428 800 1434 -
831 1401 992 1457 εἰνάτη,
1023 1409 1078 1445 OI
1106 1403 1147 1444 δὲ
1176 1405 1244 1445 οὐκ
1272 1401 1553 1451 ἐξελεύσεσθαι
1582 1402 1763 1455 ἔφασαν.

188 1474 383 1530 Spartani
424 1476 484 1516 ita
529 1475 743 1516 dicebant:
778 1475 847 1515 οὐκ
881 1473 1014 1524 ἔξιμεν
1048 1474 1138 1526 πρὶν
1166 1472 1266 1515 ”AN
1300 1474 1452 1525 πλήρης
1485 1476 1502 1514 ὁ
1537 1473 1683 1521 κύκλος
1719 1472 1765 1529 ᾖ,

186 1546 292 1587 hanc
335 1546 446 1587 enim
478 1546 568 1588 vim
602 1545 729 1586 habet
761 1545 817 1594 μη
846 1545 888 1586 οὐ
923 1545 1092 1597 πλήρεος
1127 1543 1256 1591 ἐόντος
1288 1547 1358 1585 τοῦ
1391 1543 1554 1585 κύκλου.
1619 1543 1766 1586 Nonne

188 1615 417 1658 ridiculum
461 1619 522 1657 est
566 1615 724 1657 dicere:
770 1616 839 1657 οὐκ
882 1614 1018 1666 ἔξιμεν
1052 1622 1101 1669 τη
1137 1614 1259 1668 ε’νάτη
1293 1614 1381 1666 πρὶν
1416 1613 1464 1656 ἂν
1499 1615 1652 1665 πλήρης
1688 1612 1710 1667 ᾖ
1746 1614 1762 1656 ὁ

189 1684 361 1732 κύκλοςῖ
424 1685 542 1727 Haec
572 1688 662 1741 ipsa
693 1689 835 1728 tamen
868 1687 977 1728 inest
1007 1687 1051 1727 in
1083 1685 1257 1742 vulgata
1288 1685 1467 1728 lectione
1499 1685 1719 1727 sententia.

247 1826 352 1882 Pag.
398 1825 496 1868 862.
529 1842 565 1868 α.
610 1826 726 1869 locus
768 1830 830 1868 est
871 1827 1071 1868 obscurus
1101 1829 1143 1868 et
1174 1825 1429 1881 impeditus,
1467 1825 1586 1866 cuius
1619 1824 1656 1866 si
1686 1836 1769 1865 non

188 1910 334 1938 veram
377 1898 628 1952 scripturam
672 1902 714 1938 at
756 1898 1008 1939 sententiam
1050 1896 1199 1939 saltem
1242 1897 1480 1952 excogitare
1521 1907 1761 1949 possumus.

191 1966 444 2009 Plutarchus
490 1981 563 2022 pro
610 1972 721 2009 certo
763 1972 805 2009 et
848 1968 1061 2023 explorato
1103 1969 1220 2023 ponit
1262 1966 1313 2008 ad
1355 1964 1650 2008 Marathonem
1683 1977 1771 2006 esse

191 2042 430 2093 pugnatum
470 2036 565 2091 ἕκτη
610 2037 893 2089 Βοηδρομιῶνος
937 2038 1129 2087 ἱςαμένου
1171 2037 1299 2092 idque
1340 2049 1422 2078 non
1462 2048 1545 2077 uno
1585 2034 1675 2076 loco
1709 2033 1768 2075 di-

191 2111 299 2150 serte
331 2110 522 2150 testatur.
586 2108 783 2151 Primum
814 2110 858 2150 in
885 2109 963 2150 hoc
991 2110 1080 2164 ipso
1106 2108 1212 2150 libro
1241 2121 1339 2163 pag.
1370 2105 1470 2147 861.
1489 2106 1535 2160 f.
1583 2107 1770 2158 Spartani

194 2181 363 2235 (inquit)
409 2179 450 2220 οὐ
497 2177 614 2227 μόνον
659 2178 795 2226 άλλας
839 2179 983 2231 μυρίας
1029 2178 1183 2230 ἐξόδους
1230 2177 1298 2218 καὶ
1342 2175 1494 2229 μάχας
1527 2174 1768 2223 πεποίηνται

194 2251 315 2300 μηνὸς
343 2249 533 2299 ἱςαμένου
560 2251 617 2298 μη
647 2249 952 2301 περιμείναντες
981 2250 1052 2297 την
1079 2249 1351 2297 πανσέληνον,
1385 2246 1502 2288 ἄλλα
1526 2245 1594 2288 καὶ
1613 2244 1768 2292 ταύτης

197 2326 269 2368 τῆς
314 2321 459 2371 μάχης
493 2317 619 2373 ἕκτη
652 2320 1046 2371 Βοηδρομιῶνος
1083 2318 1348 2368 ἱςαμένου
1382 2315 1597 2368 γενομένης
1633 2314 1771 2365 ὀλίγον

198 2391 526 2442 ἀπελείφθησαν.
590 2389 797 2432 Similiter
849 2392 896 2432 de
938 2392 1070 2444 qloria
1112 2389 1415 2433 Atheniensium
1454 2401 1551 2443 pag.
1598 2383 1696 2426 349.
1719 2383 1770 2439 s.

199 2458 293 2512 ἕκτη
329 2461 402 2511 μὲν
447 2461 638 2511 ἱςαμένου
683 2461 966 2513 Βοηδρομιῶνος
1000 2461 1122 2504 εἰσέτι
1155 2464 1220 2502 νῦν
1253 2461 1323 2508 την
1355 2459 1572 2509 Μαραθῶνι
1606 2454 1714 2503 νίκην
1748 2454 1769 2501 ἦ

202 2530 317 2576 πόλις
365 2530 564 2582 ἑορτάζει,
606 2530 701 2585 ἕκτη
745 2532 785 2572 δὲ
829 2536 1046 2582 μεσοῦντος
1091 2532 1330 2584 οἰνοχοεῖται
1365 2534 1436 2577 τῆς
1473 2525 1652 2578 Χαβρίου
1683 2523 1772 2576 περὶ

202 2601 340 2650 Νάξον
386 2601 560 2642 ἐπινίκια
605 2603 862 2654 ναυμαχίας.
903 2607 944 2645 et
985 2604 1030 2644 in
1072 2604 1162 2646 vita
1199 2600 1357 2642 Camilli
1387 2613 1478 2654 cap.
1516 2596 1585 2638 19.
1619 2594 1770 2647 Πέρσαι

203 2673 326 2724 μηνὸς
370 2672 650 2723 Βοηδρομιῶνος
695 2671 788 2725 ἕκτη
828 2674 902 2723 μὲν
944 2673 1185 2725 Μαραθῶνι,
1229 2671 1341 2723 τρίτη
1384 2669 1416 2711 δ’
1461 2669 1499 2710 ε’ν
1530 2669 1770 2712 Πλαταιαῖς

204 2744 297 2794 ἅμα
347 2743 414 2784 καὶ
465 2742 551 2791 περὶ
598 2742 800 2790 Μυκάλην
850 2744 1081 2792 ἡττήθησαν
1130 2743 1203 2784 ὑπὸ
1246 2742 1322 2783 τῶν
1363 2739 1583 2788 Ἑλλήνων.
1625 2734 1772 2790 Itaque

203 2814 456 2858 Plutarchus
487 2813 594 2855 ridet
625 2813 913 2865 Herodotum,
948 2816 1019 2869 qui
1053 2827 1184 2869 quum
1216 2816 1320 2853 sexto
1355 2811 1421 2852 die
1452 2809 1560 2851 esset
1591 2804 1771 2848 debella-
