1946 3298
952 180 1036 226 116

207 313 377 358 evidens
424 314 465 356 et
509 310 782 356 manifestum
829 306 969 351 addit:
1014 304 1135 354 οὕτως
1180 306 1366 360 ατεχνῶς
1403 307 1498 360 παρ’
1534 304 1702 353 ἐκείνους
1735 322 1782 348 τε

209 384 452 436 οΞναοέβηκε
493 384 561 426 καὶ
605 388 676 431 τῆς
721 384 795 423 τῶν
833 377 1063 431 κρειττόνων
1096 376 1302 427 δυνάμεως
1335 378 1432 426 παρ’
1465 378 1596 420 αὐτῶν
1631 377 1784 419 ἐκείνων

208 457 473 509 μετείληφεν.
537 453 756 496 Hunccine
796 450 1014 493 hominem
1046 449 1096 491 de
1128 449 1274 491 acerbo
1306 448 1451 490 funere
1483 452 1525 491 et
1555 451 1787 490 immatura

208 542 308 571 nece
349 526 508 568 Iuliani
539 528 627 566 tam
661 521 858 564 flebiliter
890 521 1085 575 conqueri
1118 522 1159 561 et
1188 525 1277 560 tam
1311 519 1470 561 duriter
1499 519 1608 561 Deos
1640 533 1686 561 eo
1716 532 1788 560 no-

210 600 326 642 mine
355 592 591 651 increpare!
643 592 779 645 Quam
807 593 863 633 sit
888 591 1002 633 idem
1029 592 1169 645 inepte
1199 589 1392 631 credulus
1418 590 1515 632 vide
1542 589 1573 631 Ι.
1596 589 1694 631 638.
1719 588 1786 631 12.

209 670 284 712 ubi
315 669 365 711 de
395 665 669 709 Antiochensi
701 663 903 705 seditione
934 662 987 704 ad
1017 660 1301 703 Theodosium
1332 662 1391 703 sic
1417 661 1584 703 scribit:
1614 659 1788 711 λέγεται

209 739 250 782 δὲ
289 738 358 780 καὶ
391 737 560 789 γέροντα
592 734 758 787 μείζονα
793 733 814 782 ἢ
848 732 961 774 κατα
995 731 1166 784 γέροντα
1198 731 1413 776 δυνηθέντα
1446 731 1534 784 περὶ
1569 731 1636 773 τὸν
1669 729 1790 773 ἵππον

213 810 274 868 (in
306 807 528 853 evertenda
559 805 768 861 Principis
799 806 939 846 statua
969 803 1170 858 equestri)
1205 800 1283 853 »εὖ
1315 819 1391 854 γε,
1426 800 1452 845 ὦ
1487 802 1645 854 γέρον;”
1671 802 1790 844 οἰκού-

213 895 347 922 σαντα
372 879 553 929 ἀμεῖψαι
586 880 781 919 πολλῶν
815 874 985 927 ὁρώντων
1013 873 1188 930 (mirum
1211 887 1295 916 non
1318 874 1474 916 vidisse
1497 874 1542 915 id
1566 888 1691 915 omnes
1719 873 1792 928 qui

213 950 400 1006 aderant)
434 948 618 1002 πρότερον
651 948 725 999 μὲν
758 946 812 993 εἰς
846 945 1048 987 νεανίσκον
1082 944 1247 995 ἑαυτόν,
1280 942 1425 986 ἔπειτα
1456 944 1496 986 δὲ
1531 945 1586 990 εἷς
1625 942 1788 989 παῖδα.

212 1020 306 1064 εἶτα
348 1019 628 1075 οἶφανισθέντα
665 1018 734 1060 καὶ
769 1017 914 1071 φρίκην
957 1017 998 1058 οὐ
1041 1015 1188 1068 μικραν
1232 1015 1414 1057 ἐπελθεῖν
1448 1014 1596 1061 αὐτοὺς
1630 1013 1791 1059 ταύτας

215 1092 372 1139 ἰδόντας
415 1092 492 1139 τας
535 1088 798 1142 μεταβολάς.
861 1086 1002 1130 Facile
1044 1086 1184 1137 credo,
1225 1086 1295 1128 sed
1328 1087 1569 1128 etiamnunc
1599 1084 1794 1127 Videmus

213 1177 356 1207 omnes
378 1162 559 1206 alterum
583 1174 725 1203 senem
747 1171 1035 1214 repuerascere
1059 1160 1101 1199 et
1127 1157 1176 1198 de
1198 1156 1374 1199 Libanio
1398 1170 1561 1213 quoque
1578 1157 1669 1198 iure
1687 1155 1791 1197 dici:

515 1232 572 1279 δὶς
607 1231 753 1277 παῖδες
786 1230 818 1271 οἱ
851 1227 1034 1281 γέροντες
1067 1228 1158 1281 ὀρθῷ
1192 1228 1246 1280 τῷ
1281 1227 1406 1281 λόγῳ.

277 1375 480 1418 Libanius
511 1372 546 1415 Ι.
579 1370 679 1413 633.
713 1370 754 1413 9.
791 1371 889 1412 ἀλλ’
922 1369 964 1410 οὐ
999 1368 1147 1417 θυμοῦ
1181 1367 1266 1419 μὲν
1298 1369 1352 1415 ὡς
1388 1367 1552 1410 ἐοικέναι
1585 1366 1648 1409 δεῖ
1671 1364 1794 1418 πατρὶ

219 1446 286 1489 τὸν
328 1443 526 1497 βασιλέα.
570 1442 753 1494 πατέρων
797 1441 828 1483 δ’
874 1439 930 1484 ἐςὶ
980 1440 1024 1482 τὸ
1059 1439 1195 1493 πρᾴως
1231 1438 1364 1491 φέρειν
1396 1439 1639 1491 προπετείας
1672 1437 1796 1479 υἱέων.

219 1517 392 1560 Reiskio
452 1547 473 1566 ‚,
486 1514 559 1564 μὲν
618 1513 774 1554 videtur
832 1509 1073 1553 delendum?
1162 1507 1274 1553 Cave
1326 1510 1478 1560 facias,
1527 1522 1708 1565 namque
1755 1509 1800 1550 in

226 1590 641 1630 ΘΎΜΟΎΜΕΝΩΟ
673 1582 785 1625 male
815 1582 921 1624 latet
953 1583 995 1624 οὐ
1029 1580 1335 1634 θυμουμένῳ
1368 1581 1532 1623 ἐοικέναι
1566 1581 1628 1622 δεῖ
1657 1579 1798 1632 πατρί.

224 1658 459 1710 Θυμοῦσθαι
492 1669 566 1712 pro
600 1653 825 1708 ὀργίζεσθαι
860 1653 970 1709 apud
1002 1651 1231 1695 Libanium
1262 1654 1325 1694 est
1354 1653 1633 1708 perfrequens.

279 1798 475 1843 Laudans
517 1795 743 1839 Theodosii
785 1794 1056 1837 clementiam
1098 1792 1131 1835 Ι.
1175 1791 1274 1835 633.
1325 1791 1392 1835 13.
1436 1794 1468 1835 εἰ
1514 1792 1581 1835 καὶ
1623 1791 1798 1843 πάντες,

220 1872 383 1927 inquit,
429 1868 530 1918 ἦσαν
575 1867 744 1915 ἀπηνεῖς
789 1866 856 1907 καὶ
901 1863 1108 1917 χαλεποὶ,
1155 1864 1200 1905 σὲ
1241 1867 1358 1906 τοῦτο
1400 1863 1630 1918 φυλάττειν
1664 1865 1800 1916 ἐχρῆν.

221 1946 287 1985 νῦν
322 1943 355 1984 δ’
389 1942 480 1993 ὂροῖν
515 1937 617 1988 ἔξεςι
654 1937 722 1979 καὶ
755 1937 823 1978 τὸν
860 1935 1158 1978 Ἰουλιανὸν
1193 1936 1371 1977 ἐντεῦθεν
1406 1936 1626 1986 εὐδοκιμεῖν
1661 1936 1802 1976 ἐσπου-

223 2013 393 2056 δακότα.
459 2009 610 2053 Omnia
654 2009 830 2050 suadent
874 2010 924 2049 ut
962 2006 1178 2049 credamus
1209 2020 1292 2048 non
1322 2006 1560 2057 Iulianum,
1594 2006 1666 2049 sed
1697 2005 1803 2048 Con-

223 2087 457 2129 stantinum
489 2082 701 2138 Magnum
733 2094 756 2122 a
787 2079 963 2121 Libanio
994 2079 1259 2119 nominatum
1291 2077 1441 2128 fuisse,
1475 2078 1520 2119 in
1550 2091 1676 2133 quem
1707 2076 1802 2119 reli-

223 2172 305 2214 qua
329 2156 471 2198 omnia
493 2153 682 2208 adprime
705 2152 970 2193 conveniunt.
1018 2149 1178 2191 Notum
1204 2151 1266 2190 est
1290 2146 1613 2191 Constantinum
1642 2148 1803 2190 Romae

223 2241 329 2272 anno
379 2224 479 2269 326.
529 2223 728 2266 conviciis
775 2225 816 2264 et
861 2220 1099 2263 maledictis
1143 2233 1167 2262 a
1209 2219 1363 2275 populo
1407 2233 1494 2261 esse
1537 2220 1803 2276 exagitatum

224 2312 352 2354 eaque
383 2296 600 2351 sprevisse.
662 2293 739 2335 Est
771 2306 918 2348 operae
950 2292 1134 2347 pretium
1166 2290 1392 2333 Libanium
1424 2291 1565 2345 ipsum
1598 2290 1648 2332 de
1680 2303 1727 2332 ea
1757 2303 1802 2332 re

227 2372 466 2412 narrantem
508 2364 652 2407 audire
693 2377 790 2420 pag.
838 2361 938 2404 634.
982 2364 1020 2404 1.
1064 2363 1132 2403 τοῦ
1173 2360 1380 2412 Ῥωμαίων
1417 2361 1498 2414 γάρ
1543 2377 1642 2403 ποτε
1675 2360 1801 2412 δήμου

227 2441 345 2491 βοαῖς
381 2437 503 2479 αὐτὸν
534 2434 830 2486 οΞσελγεςέραις
864 2431 1122 2484 βεβληκότος
1156 2432 1197 2474 τί
1227 2433 1308 2485 χρὴ
1341 2437 1467 2474 ποιεῖν
1499 2431 1677 2484 ἐρόμενος
1710 2431 1801 2478 τοὺς

229 2507 435 2562 ἀδελφοὺς
477 2504 546 2547 καὶ
591 2507 661 2547 τοῦ
705 2505 778 2555 μὲν
821 2504 1000 2551 εἰπόντος
1034 2503 1113 2545 δεῖν
1146 2503 1323 2555 πέμπειν
1357 2504 1421 2545 ἐπ’
1455 2504 1602 2551 αὐτοὺς
1634 2502 1803 2554 δύναμιν

229 2581 295 2626 καὶ
341 2575 640 2621 κατακόπτειν·
688 2577 912 2626 ἡγήσεσθαι
955 2575 994 2617 δὲ
1040 2574 1177 2622 αὐτός.
1222 2577 1290 2617 τοῦ
1335 2574 1375 2616 δὲ
1408 2572 1465 2616 ὅτι
1492 2574 1710 2626 βασιλικὸν
1741 2573 1801 2622 εἴη

227 2653 273 2697 τὸ
317 2649 418 2702 μηδὲ
460 2645 603 2689 εἰδέναι
638 2645 692 2688 τοὶ
726 2663 777 2698 γε
809 2649 1008 2701 τοιαῦτα,
1042 2646 1109 2688 τὸν
1140 2646 1214 2697 μὲν
1246 2640 1274 2688 ἃ
1306 2646 1369 2688 δεῖ
1397 2651 1629 2700 παραινεῖν,
1662 2645 1729 2687 τὸν
1762 2645 1800 2686 δὲ

227 2721 362 2774 πικρὸν
405 2719 549 2760 ἐκεῖνον
591 2717 710 2767 ἤκιςα
747 2717 920 2767 βασιλεῖ
949 2717 1172 2769 συμφέρειν
1205 2714 1319 2769 εἷπε,
1354 2717 1445 2763 τοὺς
1479 2717 1520 2758 δὲ
1552 2721 1800 2767 κρατοῦντας

226 2795 389 2847 πρέπειν
423 2788 642 2841 ἀνέχεσθαι
675 2792 750 2830 τῶν
783 2789 964 2830 τοιούτων
998 2787 1305 2840 σκιρτημάτων,
1338 2801 1494 2844 magno
1525 2787 1599 2829 ille
1631 2788 1803 2842 quidem

230 2870 271 2909 et
302 2864 418 2920 regio
450 2861 613 2910 animo,
650 2863 691 2901 et
721 2858 982 2915 praeclarum
1015 2859 1059 2901 id
1092 2873 1253 2915 quoque
1284 2858 1393 2914 quod
1424 2857 1640 2901 lenissimo
1673 2862 1714 2900 et
1739 2859 1802 2900 in-

230 2934 472 2994 dulgentiae
518 2931 640 2987 pleno
687 2932 857 2974 nomine
903 2930 1167 2983 σκιρτήματα
1214 2928 1443 2986 appellavit
1488 2929 1625 2971 tenelli
1671 2929 1802 2984 qreyis
