1946 3298
955 181 1041 226 126

268 314 376 371 Pag.
427 312 531 355 129.
578 311 618 354 3.
660 309 871 362 θαυμαςός
913 326 965 361 γε
997 310 1092 359 ἡμῖν
1125 305 1230 356 ἥκεις
1262 311 1345 356 τοῖς
1379 305 1516 358 λόγοις
1552 305 1778 360 ἐπίκουρος,

209 383 249 432 ὃς
292 385 360 427 καὶ
408 385 500 431 τοὺς
547 384 613 425 τὸν
663 381 790 424 ἄλλον
838 386 1086 423 ΕΙΔΟΤΑΟ
1128 379 1267 431 χρόνον
1312 379 1507 429 ἐξέμηνας
1543 378 1611 420 καὶ
1650 378 1782 430 ζητεῖν

211 454 320 507 ἔχειν
351 450 379 498 ἃ
412 455 510 502 τέως
544 456 614 497 οὐκ
647 453 777 504 ἠξίουν
811 452 1020 499 ἐποίησας.
1082 450 1338 493 Mendosum
1368 454 1430 493 est
1456 449 1629 496 εἰδότας.
1683 449 1782 492 Sen-

209 528 342 570 tentia
374 527 530 570 clamat
566 539 640 582 pro
673 524 829 569 εἱδότας
864 523 1177 565 rescribendum
1211 536 1298 565 esse
1334 527 1640 564 CIFQNTAC.
1703 520 1786 573 Qui

210 599 388 640 tacebant
420 598 594 641 antehac
625 610 736 638 nunc
769 594 966 638 volebant
997 598 1177 636 oratores
1210 607 1297 636 esse
1330 593 1480 637 videri.
1543 591 1659 635 Male
1690 606 1785 649 sup-

210 669 346 726 plevit
379 669 534 726 aliquis
563 666 729 710 Codicis
760 665 956 708 lacunam
992 664 1250 706 Clss'ffi‘TAC.

272 809 474 853 Libanius
505 807 559 851 II.
590 822 686 865 pag.
724 805 824 849 132.
861 804 929 848 10.
963 804 1078 858 μέρος
1113 821 1163 856 γε
1197 802 1237 846 ἕν
1270 820 1308 846 τι
1331 829 1384 835 -
1404 803 1616 850 ἀποδίδως.
1680 805 1785 864 Leg.

212 880 326 933 μέρος
370 879 409 922 ἕν
454 879 504 930 γε’
536 895 590 921 τι.
653 878 832 921 Summa
864 879 1097 920 constantia
1128 874 1279 919 Graeci
1311 889 1455 918 omnes
1488 890 1535 919 eo
1567 890 1692 919 sensu
1725 878 1786 920 di-

214 953 361 994 cebant
393 948 449 998 εἷς
482 950 532 1001 γε’
565 965 651 999 τις,
687 948 767 996 ἑνός
802 948 852 1000 γε’
886 964 981 998 του,
1012 949 1068 990 ἑνί
1094 948 1144 999 γε’
1173 964 1249 999 τῳ,
1279 944 1317 988 ἕν
1344 947 1395 997 γε’
1423 963 1489 997 τι,
1523 948 1786 998 ἀμωσγέπως

214 1026 256 1065 et
287 1024 382 1065 sim.
445 1021 574 1064 Recte
604 1020 758 1063 Reiske
788 1019 821 1062 I.
855 1034 952 1077 pag.
989 1018 1088 1061 114.
1123 1019 1162 1061 4.
1197 1019 1405 1074 reposuit:
1441 1018 1491 1059 δι’
1525 1018 1605 1066 ἑνός
1640 1018 1691 1071 γέ
1718 1035 1788 1062 του

215 1098 291 1136 τῶν
325 1093 400 1136 ὑπὸ
431 1093 502 1141 τὴν
536 1091 719 1143 βάσανον
753 1090 976 1142 ἀγομένων.
1009 1103 1083 1146 pro
1117 1089 1166 1132 δι’
1203 1089 1282 1137 ἑνός
1319 1106 1370 1141 γε
1401 1089 1567 1132 τούτων.

275 1234 380 1291 Pa-g.
417 1232 517 1275 140.
553 1232 591 1274 5.
627 1232 651 1283 ὁ,
678 1232 708 1273 δ’
745 1237 900 1273 ΕΙΧετο
932 1237 980 1284 τῇ
1015 1230 1143 1284 τέχνῃ
1173 1237 1223 1283 τῇ
1255 1231 1341 1283 περὶ
1372 1230 1439 1273 τὸν
1464 1230 1647 1284 ἄργυρον.
1696 1234 1792 1276 Non

216 1308 278 1348 est
319 1318 469 1347 sanum
512 1302 649 1355 εἴχετο
691 1304 735 1344 in
771 1302 848 1344 tali
877 1316 932 1344 re.
998 1301 1152 1344 Veram
1182 1301 1405 1344 lectionem
1437 1307 1645 1346 monstrat
1674 1303 1792 1347 locus

214 1377 261 1418 'm
285 1376 442 1419 vicinia
469 1373 568 1418 139.
597 1373 668 1415 26.
701 1372 959 1420 εἱλκύσθη
995 1378 1076 1419 τοῖς
1105 1372 1266 1414 σκεύεσι
1295 1378 1376 1420 τοῖς
1403 1374 1612 1426 ἀργυροῖς,
1642 1389 1793 1432 nempe

220 1453 419 1489 ΕΙΛΚετο
453 1452 503 1500 τῇ
538 1444 678 1498 τέχνῃ.
746 1445 971 1486 Trabantur
1007 1444 1199 1492 homines
1231 1444 1462 1500 cupiditate
1495 1449 1536 1487 et
1568 1445 1792 1490 illecebris.

277 1588 379 1645 Pag.
427 1586 528 1630 167.
574 1585 611 1628 5.
646 1585 884 1642 recipienda
916 1589 978 1628 est
1008 1584 1175 1627 Reiskii
1207 1586 1466 1627 coniectura:
1502 1583 1591 1628 ὅτου
1625 1587 1708 1639 γαρ
1741 1586 1792 1628 ἂν

217 1658 313 1712 ἱερὸν
356 1658 579 1711 ἐκκόψωσιν
622 1658 749 1710 ἀγροῦ
797 1654 906 1703 οὗτος
950 1655 1099 1712 (vulgo
1141 1656 1286 1711 τούτῳ)
1328 1656 1599 1710 τετύφλωταί
1641 1674 1685 1700 τε
1722 1658 1790 1700 καὶ

216 1735 350 1772 κεῖται
385 1728 453 1770 καὶ
486 1728 662 1776 τέθνηκε.
697 1729 815 1780 ψυχὴ
851 1728 934 1780 γαρ
967 1733 1048 1774 τοῖς
1082 1727 1223 1779 ἀγροῖς
1256 1727 1311 1769 τα
1345 1726 1445 1780 ἱερά.

273 1860 378 1917 Pag.
414 1859 515 1903 172.
551 1858 592 1901 9.
626 1862 707 1906 πῶς
743 1858 782 1900 δὲ
815 1858 885 1900 οὐκ
918 1858 956 1899 ἐν
989 1854 1045 1904 οἷς
1077 1856 1312 1909 πράττουΟΙ
1344 1863 1437 1899 ΚΑΙ
1470 1864 1519 1911 τῇ
1559 1865 1608 1912 σῇ
1651 1860 1792 1913 γνώμῃ

214 1934 465 1982 πολεμοῦσις
500 1930 682 1973 Molesta
715 1933 777 1972 est
811 1928 960 1985 copula
993 1943 1097 1984 quae
1123 1928 1232 1970 nihil
1258 1929 1449 1984 copulat:
1477 1932 1520 1971 at
1547 1932 1595 1971 tu
1621 1930 1791 1986 supple:

214 2000 438 2055 πράττουσι
475 2007 565 2043 COI
601 1999 668 2042 καὶ
703 2006 754 2053 τῇ
788 2006 836 2053 σῇ
871 1997 1012 2052 γνώμῃ
1046 2002 1312 2050 mmmm-cm

278 2121 480 2164 Libanius
520 2121 575 2163 II.
618 2118 715 2163 173.
752 2119 792 2162 2.
837 2119 957 2161 ταυτὶ
992 2119 1031 2161 δὲ
1069 2119 1156 2176 [τοὶ]
1193 2119 1305 2171 παρά
1337 2119 1485 2161 τούτων
1518 2120 1686 2171 ἐλέγετο
1719 2122 1793 2172 μὲν

217 2192 286 2234 καὶ
320 2192 434 2244 παρα
468 2192 690 2244 Φλαβιανῷ
725 2190 949 2240 πολλάκις,
986 2190 1170 2242 ἠλέγχθη
1204 2191 1244 2233 δὲ
1272 2190 1540 2234 οὐδεπώποτε.
1587 2191 1794 2249 Expunge

217 2262 284 2305 τά.
351 2262 656 2307 Graeculorum
698 2263 804 2305 vitio
849 2261 1003 2304 dicitur
1044 2268 1193 2304 HAPA
1227 2261 1377 2304 τούτων
1410 2263 1578 2314 ἐλέγετο
1610 2277 1684 2319 pro
1717 2262 1792 2304 ὑπὸ

216 2333 382 2377 τούτων.

278 2457 383 2514 Pag.
421 2454 517 2499 177.
556 2454 594 2498 7.
631 2455 668 2496 ἐν
700 2459 793 2500 ταῖς
827 2453 1074 2506 τραγῳδίαις
1108 2455 1124 2496 ὁ
1158 2454 1226 2497 τὸν
1258 2454 1445 2506 τύραννον
1478 2455 1605 2497 εἰσιὼν
1637 2456 1706 2497 οὐκ
1734 2455 1791 2500 ἐςὶ

218 2527 421 2580 τύραννος.
485 2526 645 2568 Eodem
688 2525 813 2567 modo
857 2525 965 2567 dixit
1005 2525 1126 2568 Tom.
1162 2525 1236 2568 III.
1279 2525 1378 2569 376.
1418 2525 1454 2567 7.
1491 2526 1507 2567 ὃ
1541 2527 1612 2574 τὴν
1645 2533 1795 2577 Πλαγ-

217 2599 323 2650 γόνα
369 2597 510 2640 εἰσιών.
574 2596 737 2638 Sumsit
779 2596 857 2637 hoc
899 2595 1097 2651 loquendi
1140 2610 1274 2653 genus
1318 2610 1341 2639 a
1383 2595 1665 2639 Demosthene
1696 2611 1793 2654 pag.

221 2669 320 2712 418.
372 2668 442 2711 14.
493 2668 531 2709 ἐν
579 2666 712 2708 ἅπασι
756 2672 838 2711 τοῖς
880 2666 1058 2717 δράμασι
1102 2672 1183 2713 τοῖς
1228 2672 1435 2719 τραγικοῖς
1479 2666 1679 2719 ἐξαίρετόν
1712 2669 1794 2712 ἐςιν

217 2739 347 2792 ὥσπερ
392 2740 515 2791 γέρας
562 2743 644 2784 τοῖς
690 2743 1004 2787 τριταγωνιςαῖς
1049 2739 1093 2779 τὸ
1137 2739 1229 2785 τοὺς
1269 2739 1478 2790 τυράννους
1512 2738 1707 2784 καὶτοὺς
1738 2738 1794 2780 τά

218 2818 407 2863 σκῆπτρα
441 2809 614 2863 ἔχοντας
648 2808 825 2850 εἰσιέναι.

278 2932 382 2989 Pag.
432 2929 528 2973 182.
577 2928 616 2971 3.
666 2929 732 2972 τὸν
766 2933 913 2971 Νεῖλον
948 2928 988 2970 δὲ
1022 2929 1109 2983 ἑςιᾷ
1143 2928 1382 2980 ἀναβαίνειν
1414 2928 1480 2971 ἐπὶ
1515 2929 1590 2976 τας
1624 2928 1792 2983 ἀρούρας
