1946 3298
927 162 1013 206 402

246 287 295 330 111
327 290 350 344 §
381 288 481 331 249.
514 289 563 332 F.
598 286 900 341 συνεδρευόντων
931 292 1063 330 ΤΩΝ
1096 285 1385 338 πυθαγορείων.

246 359 446 415 Sequitur
478 360 544 402 καὶ
578 359 879 411 βουλευομένων
906 358 992 410 περὶ
1023 362 1279 400 πολΘΜικῶν
1306 356 1581 408 πραγμάτων.
1615 356 1757 399 Multo

183 430 273 472 veri
314 430 497 472 similius
541 433 602 472 est
643 444 711 473 eos
752 429 839 483 περὶ
873 432 1116 471 πολΙΤΙκῶν
1148 427 1407 480 πραγμάτων
1439 429 1549 470 inter
1580 441 1624 470 se
1657 427 1758 470 deli-

185 500 363 543 berasse.

244 639 293 682 In
321 642 344 695 §
376 638 477 682 249.
510 639 555 681 F.
592 640 699 688 πλην
726 638 830 681 δυεῖν
858 641 899 681 et
926 635 1028 680 οὗτοι
1057 636 1141 689 γάρ
1173 636 1213 678 δὲ
1242 635 1433 678 νεώτατοι
1456 633 1580 684 ὄντες.
1612 635 1759 679 Fuisse

187 709 290 752 olim
320 711 508 753 videtur:
543 707 646 752 οὗτοι
680 709 762 763 γάρ
796 715 872 751 ΔΗ
906 708 1092 750 νεώτατοι
1121 706 1244 755 ὄντες.

245 847 295 890 In
336 850 359 904 ξ
401 848 500 891 250.
546 848 668 900 λόγον
710 847 851 890 οὐδένα
895 847 1176 899 ποιησαμένων
1217 850 1293 888 τῶν
1337 845 1525 888 ποΛΛῶν
1567 844 1654 897 περὶ
1690 847 1760 887 τοῦ

188 918 428 969 συμβάντος
470 918 635 967 πάθους.
699 918 869 975 Optime
912 920 959 962 F.
1005 923 1081 962 τῶν
1119 912 1191 968 πό,
1225 917 1270 959 id
1303 920 1366 959 est
1397 920 1473 958 τῶν
1507 914 1680 966 πόλεων,
1713 918 1763 957 ut

189 1004 289 1032 mox
321 991 534 1043 ὀλιγωρίαν
566 994 643 1032 τῶν
675 988 895 1033 πόλεων.

249 1129 298 1171 In
330 1132 353 1185 ξ
380 1129 481 1172 250.
511 1132 564 1176 εἷς
597 1130 744 1179 Θήβας
771 1128 1029 1181 μετῳκίσατο
1048 1152 1104 1160 -
1122 1125 1240 1179 οὗπερ
1267 1125 1427 1177 ἐγένετο
1455 1124 1765 1176 Ἐπαμινώνδας

191 1200 402 1250 άκροατής.
453 1200 568 1242 Male
600 1203 764 1242 tentant
795 1199 1053 1251 μετῳκίσατο
1087 1202 1128 1240 et
1159 1197 1393 1250 μετῴκησεν
1418 1200 1637 1252 reponunt.
1685 1196 1768 1237 Mi-

184 1285 301 1322 yrare
343 1284 508 1325 semper
551 1274 612 1312 est
653 1269 976 1322 μετοικίζεσθαι,
1022 1272 1063 1310 et
1105 1273 1305 1318 μετοικεῖν
1344 1266 1552 1324 signifieat
1584 1265 1768 1316 μέτοικον

192 1337 314 1396 εἶναι,
350 1341 624 1396 dicebantque
653 1341 814 1390 Θήβησι
843 1345 1068 1390 μετοικεῖν,
1095 1339 1166 1381 sed
1192 1340 1248 1385 εἷς
1279 1338 1426 1389 Θήβας
1455 1336 1764 1389 μετοικίζεσθαι.

249 1412 410 1454 Deinde
432 1413 474 1453 in
504 1411 552 1453 F.
569 1411 729 1468 legitur
747 1411 1041 1461 ἐπαμεὶνώνδου
1059 1412 1273 1466 perinepte
1289 1413 1439 1452 natum
1456 1423 1507 1451 ex
1526 1399 1764 1459 ἐπαμεινέον.

250 1552 299 1594 111
330 1554 352 1607 ξ
385 1551 486 1595 251.
519 1552 567 1595 F.
601 1551 911 1594 σπουδαιότατοι
945 1552 1112 1605 φάντων
1145 1568 1190 1594 τε
1225 1551 1294 1594 καὶ
1324 1551 1566 1603 ἕχεκράτης.
1629 1550 1768 1594 Mani-

192 1624 297 1665 festa
337 1623 488 1665 lacuna
528 1625 573 1665 in
614 1624 957 1679 praecedentibus
1000 1624 1173 1666 fortasse
1217 1624 1276 1665 sio
1305 1623 1532 1678 explenda:
1568 1620 1767 1674 προϊόντος

193 1693 234 1735 δὲ
265 1697 334 1736 τοῦ
367 1693 508 1745 χρόνου
529 1719 582 1725 —-
601 1694 746 1749 (ἄλλος
779 1694 999 1747 άλλαχόσε
1035 1693 1340 1750 διεσπάρησαν).
1367 1691 1508 1734 &Herm
1543 1692 1583 1734 δέ
1613 1693 1698 1734 κτέ.

253 1763 460 1819 Compara
487 1764 673 1806 similem
700 1765 841 1807 10011111
870 1766 892 1820 ἓ
918 1764 1018 1806 253.
1039 1764 1316 1816 διεσπάρησαν
1335 1764 1409 1814 μὲν
1428 1763 1555 1810 άλλος
1573 1765 1768 1816 άλλαχῇ.

254 1834 373 1886 Quod
417 1838 557 1877 autem
597 1836 743 1877 scribit
785 1837 1061 1878 Aristoxenus
1105 1838 1127 1891 ξ
1168 1835 1269 1877 250.
1315 1834 1413 1876 251.
1459 1835 1490 1876 οἱ
1534 1834 1662 1876 λοιποὶ
1695 1838 1772 1876 τῶν

193 1905 473 1957 Πυθαγορείων
521 1904 735 1953 άπέςησαν
784 1911 855 1953 τῆς
904 1907 1104 1953 Ἰταλίας.
1139 1931 1193 1937 -
1222 1904 1488 1958 άθροισθέντες
1538 1904 1577 1946 δὲ
1624 1905 1680 1950 εἷς
1727 1903 1771 1945 τὸ

193 1976 350 2025 Ῥήγιον
387 1977 473 2018 ἐκεῖ
502 1977 695 2028 διέτριβον
728 1979 822 2027 μετ’
856 1978 1062 2025 άλλήλων.
1098 1978 1204 2019 mire
1233 1977 1396 2018 dietum
1425 1980 1486 2018 est
1514 1977 1633 2031 quasi
1662 1975 1773 2017 Rhe-

192 2048 316 2104 gium
355 2061 438 2089 non
480 2051 587 2089 esset
628 2049 672 2088 111
703 2047 828 2089 Italia
859 2049 1005 2089 situm.
1071 2048 1261 2090 Fortasse
1296 2047 1459 2089 dixerat
1491 2052 1562 2095 τῆς
1601 2045 1769 2102 (ἄλλης)

192 2117 405 2166 Ἰταλίας,
458 2121 507 2159 ut
548 2119 603 2159 sit
645 2119 873 2172 sententia:
919 2133 963 2159 ex
1003 2118 1169 2174 reliquis
1211 2118 1360 2159 Italiae
1400 2117 1560 2159 urbibus
1603 2118 1768 2170 diffressi

194 2188 387 2242 Rheqium
418 2203 458 2229 se
492 2203 618 2229 omnes
650 2189 909 2230 contulerunt.

252 2329 301 2370 In
332 2331 354 2384 ξ
387 2327 486 2370 252.
521 2329 567 2370 F.
602 2330 876 2378 νοσοκομήσων
909 2334 986 2370 ΤΕ
1014 2329 1136 2371 αὐτὸν
1158 2353 1211 2360 -
1231 2329 1298 2371 καὶ
1333 2329 1549 2377 κηδεύσων.

254 2398 356 2441 Post
396 2413 528 2454 pauca
569 2400 679 2454 quod
720 2399 1003 2442 Nicomachus
1033 2400 1178 2441 scribit
1210 2399 1260 2441 de
1292 2400 1345 2441 iis
1379 2401 1451 2454 qui
1481 2399 1772 2456 Pythagoreos

197 2469 511 2511 combusserant
559 2469 676 2511 αὐτοί
723 2486 768 2511 τε
820 2470 893 2511 ὑπὸ
936 2473 1011 2511 τῶν
1055 2471 1295 2511 Ἰταλιωτῶν
1339 2469 1672 2518 κατελεύσθησαν
1705 2468 1769 2510 ἐπὶ

197 2538 324 2591 τούτῳ
363 2539 430 2579 καὶ
477 2539 740 2592 ἕξερρίφησαν
778 2539 958 2593 άταφοι,
1005 2544 1146 2595 aperte
1187 2544 1350 2596 pugnat
1393 2555 1491 2582 011111
1533 2540 1772 2583 Aristoxeni

198 2610 440 2651 testimonio
478 2610 523 2650 in
565 2611 586 2664 ξ
619 2610 719 2651 250.
754 2613 823 2652 τοῦ
857 2610 1032 2652 τοιούτου
1067 2610 1148 2662 γαρ
1182 2611 1248 2651 καὶ
1283 2611 1519 2658 τηλικούτου
1554 2609 1767 2660 γενομένου

201 2679 350 2725 πάθους
393 2678 580 2728 οὐδεμίαν
625 2680 841 2733 ε’πιςροφην
889 2680 948 2737 (αἱ
995 2679 1151 2736 πόλεις)
1185 2681 1442 2731 ἐποιήσαντο,
1478 2684 1519 2723 et
1549 2680 1770 2722 manifesto

199 2751 354 2793 falsum
386 2754 427 2791 et
456 2751 798 2791 commenticium
831 2754 906 2793 est.

259 2819 342 2862 Sed
373 2823 421 2861 ut
447 2833 614 2861 summa
646 2824 707 2861 est
740 2822 783 2862 in
814 2822 1061 2864 Aristoxeno
1094 2821 1195 2865 fides
1227 2826 1269 2865 et
1302 2823 1545 2872 auotoritas,
1575 2822 1636 2863 ita
1663 2821 1770 2865 levis

201 2893 242 2934 et
271 2890 407 2933 futilis
438 2891 558 2933 testis
591 2893 652 2933 est
681 2891 974 2935 Nicomachus.
