1946 3298
922 135 1009 179 250

177 260 397 312 στρατείας
454 260 750 311 ἀπολελυμένοι
808 260 907 310 ξένοι
965 261 1236 315 διέτρεχον-
1256 263 1507 313 πλανώμενοι
1556 262 1624 304 καὶ
1674 262 1750 310 τὰς

177 331 416 382 ἀναγκαίοις
477 332 632 385 τροφὰς
691 333 735 373 ἐκ
792 337 868 374 τῶν
927 337 1128 384 προνομῶν
1186 334 1452 389 (praedando)
1495 332 1754 386 ποριζόμενοι.

177 401 414 445 Alexander
456 404 634 458 satrapis
676 405 897 459 negotium
939 403 1108 445 dederat
1150 408 1200 445 ut
1240 409 1496 446 mercenarios
1534 418 1676 447 omnes
1709 404 1756 444 ab

179 475 351 517 exercitu
394 474 649 515 dimitterent.
715 473 1085 525 Quemadmodum
1116 475 1253 531 igitur
1286 477 1397 518 cives
1430 477 1655 532 impetrata
1685 475 1757 517 ho-

177 551 295 588 nesta
336 546 535 587 missione
571 552 812 586 sacramento
844 546 1094 587 solvebantur
1128 546 1217 601 (τῆς
1255 547 1448 597 ςρατειάς
1483 547 1756 600 ἀπελύοντο),

179 619 238 659 sic
269 616 480 673 peregrini
506 617 752 657 mercenarii
785 630 917 671 quum
950 616 1224 658 dimittuntur
1257 617 1341 659 dici
1374 617 1508 660 solent
1540 616 1756 667 ἀπόμισθοι

180 688 421 739 γίγνεσθαι,
457 686 700 728 desinebant
731 687 987 742 stipendium
1022 689 1204 742 accipere
1236 691 1278 730 et
1308 690 1451 744 inopes
1480 688 1754 745 vagabantur.

178 759 291 801 Hinc
323 757 582 815 intelligitur
613 757 714 813 quid
746 757 857 799 dicat
887 757 1192 800 Demosthenes
1223 773 1319 815 pag.
1351 758 1420 801 53.
1454 758 1522 801 16.
1551 756 1648 800 ὅταν
1672 758 1755 809 γὰρ

181 832 335 881 ἡγῆται
383 829 456 879 μὲν
504 829 520 870 ὁ
569 829 775 880 ςρατηγὸς
823 828 970 870 ἀθλίων
1017 829 1328 879 ἀπομίσθων
1377 828 1631 879 ξένων-τί
1676 831 1755 881 χρη

180 901 427 955 προσδοκᾶνς
486 900 769 942 Grammatici
825 905 987 942 veteres
1046 901 1255 956 accipiunt
1316 904 1365 942 ut
1427 900 1757 956 Harpocration:

182 972 524 1021 Ἀπόμισθοιε
570 971 603 1012 οἱ
645 970 784 1021 μισθὸν
827 972 884 1021 μη
925 971 1235 1021 λαμβάνοντες·
1273 972 1529 1022 Δημοσθένης
1564 978 1760 1014 Φιλιππι-

180 1050 263 1090 κοῖς
299 1042 412 1100 (pag.
449 1042 517 1084 53.
554 1040 641 1096 16.)
675 1042 743 1083 καὶ
778 1042 816 1083 ἐν
849 1043 900 1095 τῷ
936 1042 1030 1083 κατ’
1063 1041 1368 1094 Ἀριςοκροὲτους
1405 1046 1519 1100 (pag.
1551 1042 1650 1086 6¹71.
1680 1041 1757 1095 2.).

180 1114 360 1158 Meliora
402 1114 521 1156 docet
562 1112 679 1155 locus
719 1116 763 1155 in
803 1115 1071 1154 Aristocratea
1110 1114 1160 1156 ab
1202 1115 1291 1169 ipso
1335 1114 1569 1156 indicatus:
1616 1114 1760 1160 ἐκεῖνος

185 1186 474 1242 (Charidemus)
500 1186 549 1229 ὡς
583 1183 806 1233 ἀπόμισθος
839 1184 1034 1234 γίγνεται
1068 1185 1181 1236 παρα
1213 1188 1282 1226 τοῦ
1316 1184 1512 1235 Τιμοθέου
1532 1210 1585 1216 —-
1605 1185 1758 1236 διαβὰς

182 1258 236 1304 εἷς
270 1258 342 1306 την
375 1256 522 1297 Ἀσίαν
542 1281 596 1286 -
629 1255 768 1305 μισθοῖ
796 1255 840 1296 τὸ
873 1254 1090 1307 ςράτευμα
1124 1255 1191 1297 καὶ
1225 1256 1346 1297 αὑτὸν
1380 1261 1462 1302 τοῖς
1497 1255 1759 1308 Ἀρταβάζου

181 1329 388 1377 κηδεςαῑς.
451 1326 611 1369 Eodem
642 1327 778 1383 igitur
810 1340 933 1368 sensu
961 1326 1264 1369 Demosthenes
1297 1327 1564 1369 acerbissime
1592 1327 1763 1368 misellos

180 1399 460 1448 mercenarios,
507 1399 658 1453 quibus
700 1397 975 1440 Athenienses
1007 1399 1051 1439 in
1085 1397 1194 1440 bello
1226 1399 1477 1453 utebantur,
1511 1398 1760 1449 ἀπομίσθους

182 1470 364 1527 appellat
406 1471 582 1511 dimissos
619 1469 666 1509 ab
699 1469 818 1519 aliis,
854 1470 926 1524 qui
959 1470 1155 1524 quoniam
1189 1482 1333 1511 eorum
1366 1482 1488 1524 opera
1518 1483 1641 1512 nemo
1674 1484 1761 1512 am-

181 1543 295 1599 plius
337 1541 556 1598 indigebat
599 1541 650 1582 ad
691 1540 966 1582 Athenienses
1011 1555 1053 1582 se
1088 1540 1398 1595 applicuerant.
1463 1540 1557 1582 Non
1599 1543 1762 1596 poterat

183 1615 367 1657 odiosius
410 1617 451 1654 et
493 1612 751 1654 fastidiosius
795 1625 920 1667 quam
965 1613 1022 1653 sic
1067 1612 1116 1653 de
1159 1613 1490 1653 contemtissimo
1536 1612 1760 1654 hominum

182 1699 334 1744 genere
365 1684 493 1739 loqui.
559 1682 871 1725 Confirmantur
902 1683 1003 1725 haec
1035 1682 1126 1724 loco
1158 1682 1450 1737 Xenophontis
1481 1682 1642 1724 Hellen.
1688 1681 1760 1723 VI.

183 1758 222 1799 2.
272 1755 337 1798 16,
402 1754 651 1810 Mnasippus
695 1751 922 1810 Corcyram
962 1756 1075 1795 arcta
1107 1753 1322 1795 obsidione
1353 1767 1546 1808 premens
1580 1752 1759 1806 ἐνόμιζεν

183 1825 269 1870 ὅσον
308 1828 377 1869 οὐκ
409 1827 478 1875 ἤδη
513 1824 622 1877 ἔχειν
654 1826 725 1872 την
760 1825 876 1866 πόλιν
909 1824 977 1866 καὶ
1011 1824 1099 1875 περὶ
1133 1824 1226 1870 τοὺς
1261 1824 1521 1877 μισθοφόρους
1564 1825 1763 1876 ἐκαινούρ-

182 1916 247 1951 γει
281 1899 348 1941 καὶ
383 1897 475 1944 τοὺς
508 1897 581 1948 μέν
613 1911 726 1942 τινας
759 1896 890 1937 αὐτῶν
922 1896 1169 1945 ἀπομίσθους
1206 1896 1461 1945 ἐπεποιήκει,
1494 1901 1575 1943 τοῖς
1611 1896 1644 1937 δ’
1677 1892 1761 1938 οὖσι

183 1971 251 2014 καὶ
287 1971 391 2012 δυοῖν
421 1969 491 2019 ἤδη
525 1973 662 2018 μηνοῖν
696 1967 845 2020 ὤφειλε
879 1968 945 2009 τὸν
978 1966 1128 2017 μισθόν.
1194 1966 1367 2009 Partem
1405 1968 1760 2009 mercenariorum

184 2043 386 2084 dimiserat
420 2056 443 2081 α
475 2040 622 2094 siquis,
657 2038 830 2095 reliquis
863 2039 1122 2094 stipendium
1154 2052 1236 2080 non
1269 2038 1404 2079 dabat.
1458 2037 1642 2094 Opponit
1671 2038 1762 2085 τοὺς

184 2113 433 2165 ἀπομίσθους
466 2111 701 2162 γενομένους
734 2116 816 2157 τοῖς
849 2107 979 2159 οὖσιν,
1012 2113 1061 2151 ut
1092 2111 1137 2151 in
1167 2112 1265 2151 noto
1298 2108 1503 2152 versiculo

456 2183 488 2224 οἱ
522 2182 596 2233 μὲν
627 2181 708 2234 γὰρ
741 2181 871 2223 οὐκέτ’
905 2180 1027 2230 εἰσὶν,
1062 2181 1094 2223 οἱ
1129 2181 1162 2222 δ’
1197 2179 1305 2227 ὄντες
1340 2179 1471 2221 κακοί.

244 2253 385 2299 Simul
431 2257 602 2310 apparet
649 2267 699 2294 ex
746 2252 812 2294 his
859 2252 959 2308 quid
1006 2253 1117 2294 inter
1158 2251 1249 2298 τοὺς
1293 2251 1542 2301 ἀπομίσθους
1585 2253 1627 2293 et
1669 2251 1760 2298 τοὺς

185 2328 378 2380 ἀμίσθους
412 2330 486 2368 τῶν
520 2323 639 2375 ξένων
670 2325 856 2373 intersit,
893 2337 995 2379 quos
1024 2324 1297 2380 grammatici
1338 2322 1504 2364 eosdem
1547 2336 1634 2364 esse
1669 2336 1760 2364 nar-

185 2404 292 2443 rant.
340 2398 462 2441 Nunc
495 2395 647 2453 omnia}
662 2395 786 2451 plana
814 2399 911 2437 sunt
939 2399 980 2437 et
1005 2396 1236 2451 perspicua.
1279 2394 1489 2436 Diodorus
1506 2392 1638 2435 XVII.
1661 2393 1759 2436 111.

184 2474 326 2515 narrat
357 2468 634 2511 mercenarios
665 2468 784 2508 iussu
815 2466 1043 2509 Alexandri
1075 2469 1122 2507 ab
1154 2465 1326 2508 exercitu
1359 2465 1537 2506 dimissos
1569 2467 1761 2507 omnium

184 2557 326 2587 rerum
369 2542 512 2594 inopes
555 2538 606 2580 ad
648 2537 884 2580 Taenarum
924 2538 1162 2586 devenisse,
1199 2551 1300 2593 quos
1333 2537 1585 2579 Leosthenes
1618 2537 1762 2584 πεντη-

185 2630 309 2658 κοντα
349 2611 541 2653 τάλαντα
584 2609 725 2659 λαβὼν
768 2609 863 2661 πρὸς
894 2609 965 2657 την
997 2609 1251 2659 μισθοδοσιάν
1286 2608 1502 2651 conduxit.
1566 2607 1763 2650 Leosthe-

183 2700 256 2728 nes
285 2685 420 2741 igitur
451 2683 592 2731 ἠγεῖτο
626 2681 771 2722 ἀθλίων
805 2681 1038 2730 ἀπομίσθων
1070 2679 1212 2730 ξένων,
1247 2683 1296 2721 ut
1323 2679 1559 2722 Alexandro
1589 2679 1761 2733 quidem

187 2761 228 2800 et
260 2756 482 2809 Antipatro
514 2752 788 2806 videbantur,
821 2751 934 2794 haud
966 2765 1084 2794 secus
1116 2755 1240 2806 atque
1273 2751 1304 2792 οἱ
1337 2749 1556 2802 ςρατηγοί,
1592 2749 1642 2791 (10
1674 2750 1764 2804 qui·

186 2830 266 2871 bus
300 2827 408 2868 dixit
440 2822 758 2866 Demosthenes.

244 2896 524 2953 Lepidissime
556 2896 600 2936 in
633 2894 779 2936 eodem
812 2895 982 2936 nomine
1014 2895 1175 2936 iocatur
1205 2891 1434 2936 Menander
1465 2892 1530 2950 (ut
1557 2891 1763 2947 suspicor)
