1946 3298
909 142 993 184 4119

167 269 244 312 Est
276 270 388 312 enim
421 269 634 319 ἐςερημένη
669 271 732 310 νοῦ
766 269 951 325 GAR(ens)
979 280 1135 311 Mauris.
1168 283 1250 324 quo
1274 270 1374 325 quid
1398 271 1609 326 apertius?
1639 286 1737 332 pag.

168 339 254 382 278
273 356 302 380 e.
368 339 569 382 Troianae
610 340 809 382 mulieres
852 341 989 382 taedio
1029 339 1178 395 longae
1210 343 1490 397 navigationis
1521 357 1647 386 naves
1677 347 1739 386 in-

166 411 393 451 cenderunt
425 415 466 451 et
505 412 649 452 osculis
683 410 980 464 blanditiisque
1014 411 1200 452 virorum
1234 413 1316 453 iras
1347 412 1575 467 placarunt.
1625 413 1739 456 HINC

164 478 379 521 Romanae
412 486 626 522 matronae
658 482 847 536 cognatis
880 481 1049 521 osculum
1065 482 1188 535 ferre
1213 482 1419 533 solebant3
1448 483 1518 524 sed
1543 483 1616 525 alii
1643 498 1738 526 auc-

113 601 120 607 ·
165 552 273 591 tores
316 558 413 592 sunt
454 553 515 592 ita
558 550 646 592 fieri
691 557 758 596 ut,
805 553 840 592 si
886 564 968 605 qua
1009 551 1115 593 sorte
1147 555 1354 594 temetum
1385 553 1582 603 bibisset,
1614 555 1738 597 odore

165 619 552 675 deprehenderetur.
601 621 827 678 Indignum
861 621 1032 662 homine
1063 621 1141 663 hoc
1174 623 1344 677 quidem
1376 628 1460 678 est,
1493 624 1565 666 sed
1591 627 1634 667 et
1657 624 1736 666 hoc

165 696 206 732 et
237 691 345 733 illud
377 693 498 733 inane
531 696 593 733 est
626 693 973 746 AntiquarIOrum
1007 691 1190 741 πλάσμα
1224 698 1265 734 et
1296 694 1385 735 risu
1416 694 1704 739 refutandum.

223 761 272 803 In
304 762 452 804 calceis
484 761 713 804 Senatoriis
744 766 832 804 erat
864 763 961 803 luna
997 763 1056 819 (id
1089 766 1152 804 est
1177 762 1307 805 fibula
1333 764 1579 807 semilunari
1602 766 1738 808 forma

165 835 225 879 C).
290 832 409 874 Unde
456 831 561 874 hoc?
608 832 876 887 Respondent
924 833 999 875 alii
1043 840 1129 883 „est
1168 839 1261 875 nota
1303 835 1455 875 numeri
1495 836 1736 887 centenarii,

160 918 324 958 namque
351 904 398 943 ab
426 903 542 944 initio
574 907 780 944 Senatores
809 910 838 945 C
859 903 1073 957 fuerunt”.
1110 903 1220 956 Quid
1247 904 1528 947 Plutarchus?
1559 906 1739 948 Dubitaiz

162 980 328 1016 auctore
372 972 542 1015 Castore
585 975 748 1023 πότερον
786 974 995 1024 σύμβολόν
1031 974 1088 1018 ἐςι
1122 978 1238 1016 τοῦτο
1271 981 1343 1023 τῆς
1375 980 1543 1025 σελήνης
1575 977 1642 1018 καὶ
1675 975 1736 1019 ὅτι

160 1045 271 1094 μετὰ
319 1044 390 1091 τὴν
437 1048 632 1092 τελευτὴν
680 1042 790 1089 αὖθις
834 1046 877 1086 αἱ
921 1045 1060 1096 ψυχαὶ
1103 1046 1173 1093 τὴν
1216 1046 1385 1094 σελήνην
1430 1047 1523 1088 ὑπὸ
1568 1047 1735 1095 πόδας

160 1112 336 1165 ἕξουσιν,
372 1130 421 1157 an
457 1118 555 1170 quia
589 1116 768 1157 Arcades
801 1120 842 1157 et
874 1116 1066 1158 Evander
1099 1117 1326 1166 προσέληνοι
1360 1118 1528 1160 fuerint.
1593 1118 1737 1175 Suspi-

160 1191 306 1228 cantur
349 1188 477 1228 etiam
513 1187 704 1228 homines
738 1187 1016 1228 eruditissimi
1048 1187 1122 1229 has
1155 1187 1323 1230 lunulas
1355 1189 1578 1232 admonere
1609 1189 1735 1232 Sena-

158 1260 269 1298 tores
301 1272 350 1298 ne
380 1258 560 1297 instabili
582 1258 759 1310 fortuna
801 1258 1027 1309 (tumidant,
1070 1271 1253 1313 namque
1294 1260 1411 1301 varia
1443 1263 1484 1301 et
1514 1260 1735 1302 mutabilis

158 1327 302 1369 Lunae
335 1326 470 1383 figura
503 1332 579 1368 est.
631 1329 717 1369 Aut
748 1327 977 1369 modestiae
1009 1333 1278 1383 praeceptum
1310 1329 1481 1372 lunulae
1508 1332 1734 1373 continent.

158 1397 217 1439 Ut
251 1399 363 1439 enim
397 1398 516 1440 Luna
548 1397 636 1440 Soli
670 1399 957 1454 obtemperat,
995 1400 1053 1440 sic
1087 1400 1157 1447 τὴν
1191 1399 1378 1452 δευτέραν
1409 1400 1526 1451 τάξιν
1558 1402 1737 1452 ἀγαπᾶν

158 1473 358 1523 oportere.

219 1538 389 1591 Quaerit
433 1552 529 1595 pag.
563 1537 715 1593 285f.
749 1553 822 1580 cur
854 1552 1003 1581 corona
1035 1540 1167 1581 civica
1198 1540 1254 1581 sit
1281 1540 1463 1596 querna?
1525 1539 1642 1584 Serio
1673 1556 1735 1585 re-

157 1609 353 1664 spondet:
390 1610 568 1650 παλαιὸν
603 1608 680 1649 ἀπ’
715 1609 921 1659 Ἀρκάδων
954 1611 998 1650 τὸ
1033 1608 1128 1654 ἔθος.
1160 1615 1377 1663 -πρῶτοι
1411 1612 1493 1663 γὰρ
1524 1612 1734 1663 ἀνθρώπων

156 1680 370 1729 γεγονέναι
412 1680 586 1740 bonosae-tv
633 1681 677 1720 ἐκ
721 1685 796 1729 7275:
843 1678 972 1728 ὥσπερ
1016 1683 1036 1727 ἡ
1082 1681 1169 1731 δρῦς
1213 1686 1290 1723 τῶν
1332 1682 1502 1732 δένδρων.
1566 1683 1613 1724 In
1644 1684 1736 1726 vita

163 1750 362 1790 Coriolani
394 1764 481 1805 cap.
504 1750 528 1791 3
567 1750 629 1791 14.
659 1750 742 1792 alia
774 1752 1109 1792 comminiscitur
1143 1756 1183 1793 et
1214 1754 1257 1794 in
1285 1753 1352 1794 his
1383 1768 1564 1808 quercum
1596 1757 1638 1794 in
1669 1754 1736 1795 ko-

155 1834 248 1861 nore
297 1821 431 1861 haberi
475 1821 521 1862 δι’
562 1822 766 1871 Ἀρκάδας
811 1822 1148 1873 βαλανηφάγους
1197 1824 1271 1866 ὑπὸ
1319 1827 1389 1866 τοῦ
1433 1826 1517 1866 θεοῦ
1560 1823 1733 1877 χρησμῷ

156 1891 573 1943 προσαγορευθέντας,
610 1892 720 1947 apud
753 1891 909 1934 Herod.
946 1892 977 1933 I.
1015 1891 1085 1934 66.

338 1962 479 2004 πολλοὶ
514 1963 552 2004 ἐν
584 1962 774 2015 ’Λρκαδίιρ
808 1962 1115 2016 βαλανηφάγοι
1149 1961 1286 2016 ἄνδρες
1322 1962 1446 2007 ἔασιν.

156 2046 237 2087 quo
271 2033 372 2087 quid
404 2047 491 2075 esse
523 2037 662 2088 potest
693 2032 959 2075 evidentius?

215 2103 425 2145 Haeccine
457 2105 599 2145 virum
632 2118 835 2160 gravem,
881 2105 1075 2151 doctum,
1109 2104 1371 2160 praeclarum
1404 2108 1510 2149 serio
1540 2106 1731 2150 narrare!

216 2173 359 2229 Magis
402 2175 530 2215 etiam
574 2176 705 2216 miror
737 2188 817 2228 quo
851 2179 972 2229 pacto
1004 2175 1260 2217 Plutarchus
1293 2176 1412 2219 libris
1445 2178 1659 2220 abundans
1692 2182 1734 2221 et

157 2243 375 2285 doctorum
410 2245 707 2286 consuetudine
738 2244 898 2287 Romae
929 2245 1078 2287 florens
1110 2260 1157 2287 ea
1189 2249 1438 2298 nesciverit,
1473 2262 1577 2304 quae
1604 2250 1734 2292 etiam

155 2327 266 2355 nunc
296 2328 419 2355 nemo
452 2315 631 2370 ignorat.
676 2314 787 2365 Quid
819 2318 881 2357 est
909 2316 1031 2356 Sardi
1058 2317 1213 2358 venales
1224 2317 1247 2358 ?
1278 2321 1327 2359 ut
1355 2319 1465 2373 apud
1490 2317 1734 2362 Ciceronem

156 2385 210 2424 ad
239 2384 383 2425 Famil.
418 2383 508 2426 VII.
545 2383 617 2426 24.
665 2386 781 2426 babes
823 2387 971 2427 Sardos
1001 2388 1178 2437 venales,
1223 2388 1352 2430 alium
1382 2389 1462 2430 alio
1494 2390 1732 2445 nequiorem.

155 2454 238 2496 Res
281 2461 342 2496 est-
376 2459 541 2510 aperta,
578 2456 651 2504 „D
690 2457 894 2498 Gracchus
933 2457 1076 2497 Consul
1105 2459 1250 2510 eolleya
1282 2459 1327 2500 P.
1367 2458 1519 2501 Valerii
1549 2461 1732 2504 Faltonis

159 2525 199 2581 (a
216 2525 312 2566 Chr.
333 2523 437 2581 238)
475 2527 708 2567 Sardiniam
745 2528 1012 2581 Corsicamque
1044 2528 1192 2580 subeqic'
1222 2544 1291 2570 nee
1312 2533 1488 2583 praedae
1519 2532 1733 2586 quidquam

156 2596 271 2637 aliud
313 2609 430 2648 quam
473 2597 672 2649 mancipia
703 2603 884 2651 captum,
929 2612 1094 2651 quorum
1128 2599 1326 2641 vilissima
1358 2602 1571 2643 muliitudo
1603 2602 1732 2657 fuit''.

155 2666 304 2707 Festus
336 2668 379 2706 in
415 2680 452 2707 v.
484 2666 601 2707 Sardi
632 2668 810 2714 venales,
855 2668 960 2708 alius
997 2669 1076 2709 alio
1108 2671 1283 2724 nequior.
1349 2670 1577 2714 Plutarcho
1610 2671 1732 2714 aliter

155 2737 311 2777 visum.
375 2735 496 2777 Sardi
540 2737 754 2787 Σαρδιανοί
794 2736 921 2787 fiunt3
969 2738 1055 2780 ἐπεὶ
1091 2737 1132 2780 δὲ
1164 2739 1287 2781 Λυδοὶ
1323 2741 1398 2790 μὲν
1430 2739 1529 2790 ἦσαν
1563 2744 1596 2784 οἱ
1628 2747 1732 2794 Τυρ-

156 2807 255 2856 ρηνοὶ
308 2805 351 2854 ἐξ
399 2807 558 2860 ἀρχῆς,
608 2807 746 2848 Λυδῶν
795 2806 834 2847 δὲ
877 2808 1124 2859 μητρόπολις
1171 2811 1212 2851 αἱ
1259 2809 1448 2862 Σάρδεις,
1495 2809 1594 2854 οὕτω
1641 2813 1734 2860 τοὺς

160 2875 329 2925 Οὐηΐους
371 2878 663 2928 ἀπεκήρυττον.
729 2876 840 2930 Quid
881 2878 1146 2935 simplicius?
1191 2881 1406 2934 Σαρδιανοί
1446 2885 1544 2925 sunt
1584 2882 1711 2925 Λυδοί
1720 2897 1732 2936 3
