1946 3298
925 136 977 179 19

159 275 199 301 se
238 264 274 301 et
305 260 433 301 osculo
473 259 590 301 limen
622 261 755 303 euriae
783 262 987 315 eontiqisse
1017 267 1054 304 eb
1083 263 1192 306 Deos
1224 266 1453 306 servatores
1484 277 1579 305 suos
1611 264 1731 305 Sena-

159 335 239 371 tum
288 330 513 384 appellasse.
591 330 727 373 Nemo
771 332 873 374 haec
918 332 1207 375 Romanorum
1251 335 1479 375 memoriae
1526 334 1726 388 prodidit.

159 399 282 442 Solus
313 399 519 456 Polybius
550 401 694 443 XXX.
734 401 798 443 16.
830 402 1172 458 indignabundus
1198 404 1300 445 haec
1324 405 1500 458 posteris
1522 405 1728 445 narravit:

159 469 416 521 πρεσβευτῶν
457 471 798 522 παραγεγονότων
840 474 1071 522 Ῥωμαϊκῶν
1108 474 1202 525 πρὸς
1236 474 1358 515 αὐτὸν
1393 471 1624 525 ἐξυρημένος
1657 473 1729 520 την

158 541 345 591 κεφαλὴν
378 541 446 582 καὶ
479 542 610 583 πιλίον
641 540 746 594 ἔχων
778 542 844 583 καὶ
878 543 1079 593 τήβενναν
1111 544 1178 585 καὶ
1213 543 1417 590 καλικίους
1445 543 1612 591 ἀπήντα
1637 542 1728 584 τού-

158 627 237 658 τοις
260 637 316 643 —
341 611 410 652 καὶ
452 611 742 662 δεξιωσάμενος
784 613 876 659 τοὺς
909 611 1167 665 πρεσβευτάς
1205 612 1355 666 ῃὸράτε
1387 609 1502 666 (ἔφη)
1534 610 1602 652 τὸν
1637 609 1730 661 ὑμέ-

158 697 266 733 τερον
297 682 484 732 λιβερτὸν
516 681 633 732 ἐμέ.”
659 708 712 714 ——
746 680 797 732 ἧς
835 682 1207 734 ἀγεννεςέραν
1246 682 1421 735 φωνην
1461 682 1512 723 οὐ
1553 681 1731 735 ῥᾴδιον

159 753 345 794 εἰπεῖν.
386 755 427 793 et
464 756 558 807 post
590 764 743 807 pauca:
778 753 855 800 ςάς
890 754 1002 795 κατά
1035 753 1080 794 τὸ
1114 752 1289 805 θύρετρον
1322 752 1454 798 ἀντίος
1491 752 1589 809 (leg.
1625 752 1734 792 ἐναν-

157 822 255 878 τίος)
304 825 373 864 τοῦ
420 822 614 874 συνεδρίου
658 823 725 864 καὶ
769 824 904 870 καθεὶς
947 823 1025 871 τάς
1066 828 1211 876 χεῖρας
1254 821 1494 876 ἀμφοτέρας
1539 821 1732 879 (demissis

157 892 349 948 manibus)
383 893 648 944 προσεκύνησε
680 893 747 935 τὸν
778 893 885 936 οὐδὸν
920 894 987 936 καὶ
1022 895 1110 941 τοὺς
1143 892 1389 943 καθημένους
1417 890 1730 944 ἐπιφθεγξάμε-

158 979 219 1009 νος
278 963 504 1016 »χαίρετ-ε,
565 965 637 1006 θεοὶ
698 965 907 1016 σωτῆρες.”
965 964 1267 1017 ὑπερβολήν
1313 965 1365 1005 οὐ
1413 962 1731 1005 καταλιπὼν

158 1034 471 1086 ἀνανδρίας,
517 1032 629 1084 οἶμα
673 1034 722 1075 δὲ
765 1035 854 1076 καὶ
899 1036 1268 1085 γυναικισμοῦ
1312 1034 1400 1075 καὶ
1435 1031 1729 1078 κολακείας

159 1104 329 1146 οὐδενὶ
364 1109 458 1146 τῶν
493 1105 938 1156 ἐπιγιγνομένων.
987 1105 1089 1147 Post
1120 1108 1183 1146 tot
1215 1103 1379 1146 saecula
1409 1103 1624 1145 incalescit
1647 1102 1733 1144 ani-

156 1188 253 1216 mus
285 1176 445 1217 summi
468 1177 551 1218 viri
579 1175 626 1217 τό
652 1192 697 1216 τε
725 1176 1006 1228 φιλελεύθερον
1035 1176 1102 1217 καὶ
1129 1174 1388 1227 μισοπόνηρον
1411 1174 1731 1217 admirantibus.

216 1245 445 1300 Reliquum
477 1250 538 1287 est
569 1251 618 1287 ut
650 1247 866 1289 ostendam
898 1261 978 1302 quo
1009 1250 1129 1302 pacto
1161 1246 1369 1288 Diodorus
1402 1244 1570 1287 Siculus
1605 1244 1733 1300 Poly-

157 1318 281 1358 biana
321 1317 632 1360 deformaverit.
698 1317 747 1358 In
790 1317 934 1364 libris,
979 1331 1081 1372 quos
1114 1331 1238 1372 supra
1270 1316 1475 1365 diximus,
1508 1316 1651 1357 omnia
1683 1329 1732 1356 ex

157 1387 338 1443 Polybio
383 1387 600 1443 descripsit
642 1388 786 1430 eadem
833 1388 972 1430 verbis
1019 1389 1105 1429 suis
1150 1400 1344 1441 narrans,
1366 1436 1371 1443 ι
1392 1399 1473 1441 quo
1520 1385 1734 1440 aliquanto

158 1459 288 1499 etiam
318 1458 497 1499 ieiunior
527 1459 637 1500 facta
669 1462 731 1499 est
763 1460 912 1508 oratio,
947 1458 1139 1500 nonnihil
1171 1458 1346 1507 addens,
1382 1457 1465 1498 alia
1494 1456 1618 1511 plane
1650 1470 1736 1498 cor-

156 1541 366 1582 rumpens.
432 1527 586 1582 Locus,
631 1542 710 1583 quo
759 1528 807 1569 de
855 1530 1045 1585 agimus,
1094 1529 1326 1583 descriptus
1374 1542 1397 1569 a
1443 1527 1624 1569 Diodoro
1672 1529 1734 1568 est

155 1598 252 1639 libr.
288 1597 454 1639 XXXI.
495 1598 564 1640 15.
598 1598 638 1640 2.
703 1598 844 1640 Pauca
877 1599 998 1640 audi:
1033 1596 1091 1640 ὅτι
1125 1598 1323 1649 Προυσίας
1355 1595 1519 1646 ἀνάξιος
1555 1599 1731 1647 γεγονὼς

157 1672 225 1710 τοῦ
283 1673 354 1716 τῆς
413 1668 635 1719 βασιλείας
693 1669 986 1720 προσχήματος
1014 1695 1067 1700 -—
1092 1669 1323 1717 ἀπήντησεν
1380 1666 1613 1720 ἐξυρημένος
1660 1669 1734 1716 την

157 1740 345 1791 κεφαλήν
380 1739 446 1781 καὶ
481 1740 613 1781 πιλίον
645 1738 749 1792 ἔχων
780 1739 947 1788 λευκόν,
981 1739 1041 1782 ἔτι
1074 1740 1115 1782 δὲ
1147 1743 1276 1791 φορῶν
1308 1740 1510 1790 τήβενναν
1539 1739 1607 1780 καὶ
1637 1738 1732 1780 κάν-

156 1820 285 1852 τιλον·
319 1809 617 1860 ἀσπασάμενος
645 1810 686 1852 ’δὲ
713 1810 805 1857 τοὺς
835 1810 1094 1862 πρεσβευτὰς
1124 1811 1355 1862 ἀπέφαινεν
1381 1809 1524 1851 ἑαυτὸν
1553 1809 1734 1851 ἀπελεύ-

157 1882 258 1932 θερον
301 1877 400 1922 εἶναι
446 1880 677 1933 Ῥωμαίων,
723 1880 766 1930 ἧς
810 1880 1076 1933 ἀγεννεςέραν
1107 1882 1242 1933 φωνην
1273 1881 1314 1922 οὐ
1348 1880 1478 1934 ῥᾴδιον
1512 1879 1657 1931 εὑρεῖν,
1692 1883 1733 1921 et

156 1951 317 2006 reliqua
359 1951 410 1993 ad
451 1951 631 1992 eundem
662 1951 838 1994 modum
871 1956 1163 2008 praeterquam
1197 1952 1306 2006 quod
1337 1953 1382 1992 in
1413 1949 1493 1992 fine
1523 1950 1606 1992 loci
1630 1950 1732 1992 haec

156 2021 291 2063 dedit:
334 2022 371 2062 ἕν
416 2027 466 2074 τῇ
510 2023 729 2074 συγκλήτῳ
773 2025 946 2064 τοιαῦτα
990 2022 1145 2071 διῆλθεν
1188 2020 1263 2065 <Es-s
1303 2021 1372 2063 καὶ
1418 2019 1595 2073 γράφειν
1638 2022 1733 2070 ἡμῖν

156 2092 334 2140 ἀπρεπὲς
367 2089 467 2133 εἷναι
500 2092 746 2149 (Polybiust
779 2093 980 2134 ἀκόλουθα
1015 2093 1054 2135 δὲ
1087 2093 1240 2139 τούτοις
1275 2092 1343 2134 καὶ
1379 2091 1491 2133 κατά
1515 2092 1588 2140 την
1615 2106 1735 2132 κοινο-

155 2163 302 2213 λογίαν
335 2163 517 2204 εΞσελθὼν
551 2163 849 2218 ἐπετελέσατο,
886 2164 971 2215 περὶ
1002 2161 1050 2205 ὧν
1082 2164 1149 2205 καὶ
1181 2164 1224 2205 τὸ
1253 2161 1431 2216 γράφειν
1458 2162 1636 2214 ἀπρεπὲς
1656 2159 1731 2217 ἦν.)

154 2233 302 2290 Pergit
343 2233 569 2275 Diodorus:
616 2234 637 2282 ή
681 2235 721 2276 δὲ
763 2234 995 2284 σύγκλητος
1040 2240 1121 2281 τοῖς
1165 2234 1344 2280 πλείςοις
1386 2236 1462 2274 τῶν
1504 2231 1734 2283 λεγομένων

156 2301 465 2355 προσκόπτουσα
508 2305 741 2355 πρεπούσας
784 2311 833 2357 τῇ
876 2305 1071 2358 κολακεία
1111 2305 1188 2352 τας
1231 2305 1458 2356 ἀποκρίσεις
1503 2304 1733 2352 ἐποιήσατο.

155 2375 344 2424 Ῥωμαῖοι
389 2374 471 2426 γάρ
514 2375 581 2416 καὶ
627 2376 844 2426 πολεμίους
889 2376 953 2417 ἐπ’
987 2376 1148 2430 ἀνδρεία
1179 2377 1591 2427 μεγαλοφρονοῦντας
1623 2377 1736 2416 νικάν

155 2444 407 2487 σπεύδουσιν.
470 2445 867 2501 Impudentissime‚
913 2461 965 2488 ne
1010 2447 1147 2489 dicam
1192 2446 1306 2496 dolo,
1349 2446 1475 2487 homo
1513 2446 1732 2487 mentitur.

153 2514 348 2557 Habebat
392 2517 504 2557 enim
550 2517 600 2558 ob
644 2516 782 2558 oculos
820 2517 923 2559 haec
951 2517 1124 2574 Polybii
1154 2518 1300 2560 verba:
1334 2515 1480 2568 φανεὶς
1514 2515 1553 2557 δὲ
1586 2514 1734 2561 τελέως

154 2585 506 2638 εὐκαταφρόνητος
564 2586 771 2639 ἀπόκρισιν
829 2586 961 2638 ἔλαβε
1018 2588 1065 2630 δι’
1125 2588 1225 2630 αὐτὸ
1274 2589 1391 2628 τοῦτο
1432 2585 1730 2638 φιλάνθρωπον.

154 2653 378 2698 Caeterum
410 2656 518 2698 nihil
550 2661 611 2699 est
643 2659 688 2698 in
719 2657 893 2700 Diodori
921 2658 1141 2713 Excerptis
1172 2658 1282 2700 unde
1307 2659 1448 2699 textus
1473 2656 1733 2713 Polybianus

154 2730 227 2767 aut
258 2728 462 2783 integrior
494 2732 567 2772 aut
599 2728 858 2770 emendatior
887 2727 977 2770 fieri
1007 2730 1152 2784 possit.

217 2864 330 2907 Libr.
372 2865 546 2910 XLVII.
593 2865 630 2908 4.
675 2880 773 2923 pag.
820 2865 949 2910 1148.
990 2866 1198 2923 Polybius
1241 2867 1320 2908 ait:
1354 2867 1433 2918 ἐγὼ
1467 2866 1507 2908 δὲ
1539 2865 1734 2918 ἐπιτιμῶν
