1946 3298
1001 167 1028 211 6

227 307 376 337 verum
411 295 521 337 vidit
562 293 766 346 ἀθροίσωσι
807 293 899 339 τοὺς
927 295 1147 339 ὌΧΛους.
1213 293 1387 348 Recepit
1420 293 1598 336 Bekker.
1629 292 1702 335 sed
1734 292 1802 334 de-

228 364 354 407 bebat
383 366 448 407 ἐπ’
480 364 675 416 ὀνόματος
709 378 807 407 cum
839 378 926 419 sqq.
961 366 1227 420 coniungere.

291 522 460 579 Sprevit
499 523 717 566 Bekkerus
759 523 856 564 XII.
896 522 951 565 25
970 524 1006 564 Ιι.
1039 537 1133 580 pag.
1172 520 1271 565 753.
1304 521 1616 578 perelegantem
1648 525 1689 563 et
1719 534 1803 563 cer-

231 597 319 636 tam
364 593 502 637 Geelii
544 596 825 636 coniecturam
867 595 911 634 in
952 594 1115 636 verbis:
1160 592 1447 645 παραπλησιός
1482 593 1538 636 ἔςι
1571 590 1802 644 ζῳγραφοις

230 669 311 711 τοῖς
355 664 436 706 οξπὸ
478 669 554 706 τῶν
586 667 696 706 α’να.
829 664 988 714 γμένων
1022 663 1201 705 θυλακων
1234 662 1477 713 ποιουμένοις
1509 662 1586 708 τας
1619 663 1803 713 ἀπογρα-

228 735 329 788 φάς.
394 734 458 776 Ex
488 737 542 777 iis
575 749 680 790 quae
712 739 942 790 sequuntur
974 736 1241 790 perspicuum
1275 737 1337 775 est
1368 734 1469 775 haec
1501 733 1584 774 dici
1617 732 1667 774 de
1682 732 1804 787 fera-

230 820 316 845 rum
351 805 443 861 (τῶν
477 806 663 855 ἀλκίμων
696 804 816 860 ζῴων)
850 804 1032 860 pellibus
1065 807 1124 846 sic
1153 804 1293 860 aliqua
1323 805 1501 845 materia
1531 815 1730 845 IMPLETIS
1755 806 1804 844 ut

231 876 368 917 vitam
404 877 685 917 imitarentur.
749 874 862 917 Hinc
895 873 1067 918 Geelius
1099 877 1281 931 repperit
1312 874 1484 930 Polybii
1512 887 1688 916 manum
1720 873 1802 914 ἀπὸ

226 950 302 987 τῶν
335 946 721 997 οὶναΟΕΞΕΑγμένων
754 945 950 988 θυλακων.

287 1106 381 1148 Lib.
423 1105 520 1147 XII.
564 1105 619 1146 25
639 1107 676 1146 k.
724 1119 820 1162 pag.
871 1104 970 1148 754.
1010 1105 1143 1146 Bekk.
1191 1106 1259 1146 οὐκ
1304 1105 1546 1147 ε’ντίκτουο-ιν
1591 1106 1800 1153 ἀληθινοὺς

229 1176 368 1228 ζήλους
401 1183 482 1222 τοῖς
516 1176 722 1218 ἀκούουσιν
755 1177 786 1217 οἱ
820 1176 876 1225 μη
911 1176 959 1216 δι’
994 1176 1124 1216 αὐτῶν
1157 1176 1461 1225 πεπΡΑΓμένοι
1494 1180 1568 1216 τῶν
1603 1176 1803 1228 πραγμα-

227 1263 323 1301 των,
358 1250 398 1289 et
430 1251 523 1302 post
553 1259 709 1302 pauca:
744 1243 760 1287 ὃ
793 1246 908 1297 παρα
939 1246 1071 1295 μόνοις
1103 1246 1205 1291 εἰκὸς
1237 1246 1485 1297 εὑρίσκεσθαι
1513 1250 1590 1287 τῶν
1619 1262 1802 1299 συγγρα-

226 1317 335 1369 φέων
366 1322 448 1363 τοῖς
482 1316 532 1358 δι’
569 1318 700 1358 αὐτῶν
733 1317 1059 1365 πεπΡΑΓμένοις
1092 1320 1168 1358 τῶν
1197 1317 1473 1368 πραγμάτων.
1520 1316 1593 1358 Bis
1621 1317 1802 1359 eundem

228 1401 408 1430 errorem
450 1387 590 1429 Maius
634 1389 799 1429 erravit.
867 1386 974 1439 Quia
1015 1388 1297 1438 πεπραγμένοι
1338 1386 1447 1428 nihil
1489 1390 1550 1428 est
1586 1387 1804 1429 Bekkerus

227 1459 275 1500 δι’
325 1458 455 1499 αὐτῶν
502 1457 786 1509 πεπειραμένοι
835 1461 877 1499 et
924 1458 973 1499 δι’
1021 1457 1151 1502 αὐτῶν
1197 1456 1505 1508 πεπειραμένοις
1555 1457 1801 1507 substituit,

227 1530 346 1583 quasi
387 1529 479 1582 quis
511 1528 578 1568 καὶ
613 1528 662 1568 δι’
695 1527 832 1579 ἑτέρων
865 1528 1134 1578 πεπειρᾶσθαί
1166 1543 1269 1569 τινος
1302 1528 1386 1569 dici
1417 1529 1562 1582 possit.
1627 1527 1729 1569 Erat
1760 1529 1804 1568 in

228 1597 379 1641 Codice
411 1597 756 1648 πεπΟΡΕΤμένοι
792 1602 833 1640 et
865 1599 1248 1648 πεπΟΡΕΤμένοις.

289 1758 452 1799 Ibidem
494 1758 676 1815 legitur:
721 1759 815 1799 κατ’
847 1757 1033 1808 ανάγκην
1066 1757 1082 1798 ὁ
1115 1757 1288 1810 γράφων
1330 1758 1689 1800 πολιτεύεται
1734 1759 1801 1801 καὶ

230 1833 371 1880 πεῖραν
416 1826 570 1879 ἔσχηκε
617 1833 692 1869 τῶν
742 1830 780 1869 ἐν
828 1829 955 1880 τούτῳ
1003 1830 1056 1880 τῷ
1101 1828 1210 1880 μέρει
1255 1829 1573 1879 συμβαινόντων.
1638 1827 1807 1872 Clamat

229 1900 435 1940 sententia
466 1897 698 1954 Polybium
731 1899 884 1941 dixisse
917 1899 1233 1953 πεπολίτευται,
1267 1899 1377 1954 quod
1410 1914 1433 1941 a
1464 1899 1645 1941 Luchtio
1672 1914 1805 1955 reper-

230 1973 324 2011 tum
365 1968 581 2010 Bekkerus
621 1971 802 2024 recipere
845 1970 1056 2011 debuerat.
1120 1969 1300 2024 Reliqua
1343 1972 1484 2012 omnia
1529 1985 1579 2012 ex
1620 1972 1711 2026 ipsa
1746 1972 1806 2012 rei

230 2044 381 2081 natura
420 2041 465 2080 in
498 2040 679 2094 perfeeto
722 2041 857 2094 posita
894 2044 1012 2086 sunt,
1048 2041 1262 2092 ἐςροέτευκε
1296 2041 1363 2081 καὶ
1399 2040 1710 2091 κεκινδύνευκεν,
1744 2040 1804 2082 τέ-

232 2115 376 2161 τρΑφε
417 2110 538 2150 τέκνα
583 2111 648 2150 καὶ
685 2110 795 2159 μετα
829 2112 1019 2160 γυναικὸς
1056 2110 1218 2165 ἔζηκεν,
1253 2111 1323 2152 sed
1355 2110 1550 2163 τέτρΟΦε
1581 2112 1806 2154 rescriben-

232 2180 348 2221 dum.
411 2179 619 2235 Perpetuo
660 2180 743 2222 fere
785 2194 919 2222 errore
963 2179 1160 2223 Graeculi
1192 2182 1379 2223 scribunt
1409 2181 1626 2234 τέτραφα,
1661 2183 1804 2224 οένατέ-

231 2254 377 2301 τραφα
410 2252 451 2291 et
483 2251 731 2302 κατέςραφα
764 2254 906 2292 contra
938 2258 1098 2292 certum
1131 2260 1323 2293 veterum
1350 2266 1489 2294 usum.
1555 2252 1807 2304 Ἀνατετρα-

233 2319 353 2372 φέναι
411 2321 651 2361 etiamnunc
708 2334 828 2375 saepe
885 2323 928 2362 in
986 2321 1309 2363 Atheniensium
1365 2322 1485 2364 libris
1532 2323 1692 2380 legitur
1736 2324 1807 2365 sed

231 2390 428 2432 mendose
457 2389 626 2444 ubique.

294 2539 387 2580 Lib.
434 2537 524 2580 XII.
571 2537 627 2579 25
644 2541 671 2578 i.
718 2552 814 2594 pag.
858 2538 956 2581 754.
1001 2539 1135 2582 Bekk.
1182 2538 1225 2588 ἐξ
1267 2538 1315 2581 ὧν
1354 2544 1437 2587 ποῖς
1469 2541 1518 2583 ἄν
1550 2558 1611 2589 τις
1644 2544 1805 2590 εἰκότως

235 2616 625 2661 συγκαταΛΑΒοιτο
668 2609 797 2660 τρίτον
841 2607 940 2650 εἶναι
983 2611 1098 2661 μέρος
1137 2616 1209 2659 τῆς
1241 2612 1391 2663 ἱςορίας
1424 2613 1493 2654 καὶ
1526 2615 1660 2665 τρίτην
1694 2613 1805 2666 ἔχειν

233 2679 348 2729 ’Έξιν
391 2681 462 2727 την
497 2679 540 2720 ἐκ
573 2683 649 2720 τῶν
682 2678 981 2729 ὑπομνημάτων
1015 2683 1425 2732 πολυπραγμοσύνην.
1489 2682 1558 2725 Sic
1588 2684 1805 2726 Bekkerus

234 2766 284 2793 ex
316 2750 445 2792 Maio.
509 2748 665 2790 Verum
697 2753 759 2790 est
790 2750 1104 2799 συγκαταΘοιτο
1139 2756 1180 2793 et
1212 2754 1346 2803 τρίτην
1380 2753 1490 2804 ἔχειν
1523 2754 1675 2804 ΤΑὲιν.
1730 2755 1804 2797 Ni-

231 2820 294 2862 hil
336 2821 479 2861 tritius
521 2824 583 2860 est
624 2819 733 2873 apud
765 2821 973 2874 sequiores
1006 2835 1131 2875 quam
1165 2823 1540 2872 συγκατατίθεσθαι
1576 2828 1618 2866 et
1649 2841 1804 2876 συγκα-

226 2892 387 2936 τάθεσις
420 2903 493 2945 pro
526 2890 737 2939 ὁμολογεῖν
771 2896 811 2931 et
844 2891 1059 2941 ὁμολογία.
