1946 3298
903 130 987 173 119

805 288 862 319 AD
893 287 994 319 TOM.
1026 274 1080 318 II.

215 398 418 441 Libanius
447 397 498 440 H.
531 397 569 440 1.
599 396 668 440 14.
701 394 750 442 ὧν
776 395 846 439 ἕνα
878 398 1018 438 τοῦτον
1049 396 1159 442 εἰδὼς
1192 396 1259 438 τὸν
1290 396 1499 445 θαυμαςὸν
1532 396 1723 447 Ἐλλέβι-

155 483 244 520 χον.
307 468 439 511 Scrib.
473 465 543 510 ἕνα
576 468 727 510 τουτονὶ
759 468 883 514 εἰδώς.
945 467 1047 509 Erat
1072 472 1567 509 ΤΟΥΤΟΝΕΙΕΙΔΩΕ.
1604 467 1724 510 Tom.

155 538 209 581 ΙΙ.
253 537 353 581 239.
393 539 433 582 5.
467 537 516 581 ὧν
547 534 604 587 εἷς
637 536 750 586 οὗτος
784 537 1040 589 Τισαμενός,
1074 552 1222 580 verum
1254 541 1317 580 est
1348 538 1502 587 οὑτοσί,
1537 540 1586 580 ut
1612 540 1726 580 recte

155 609 315 667 legitur
355 624 449 667 pag.
495 609 595 652 240.
632 610 702 652 11.
733 610 864 652 οὑτοσὶ
899 609 1027 651 τοίνυν
1059 608 1308 659 Τισαμενός.
1341 612 1384 651 et
1415 607 1515 651 244.
1552 607 1621 650 13.
1656 623 1728 658 με·

158 681 255 731 γίςη
288 686 380 727 ταῖς
406 681 534 726 δίκαις
562 679 758 733 ἄνθρωπος
787 680 916 723 οὑτοσὶ
943 679 1094 730 βλάβη
1111 712 1120 730 ,
1151 680 1222 722 scd
1246 680 1352 722 latet
1378 679 1581 722 articulus
1607 678 1729 735 plane

155 753 410 793 necessarius
440 753 486 793 in
518 757 850 794 ΑΝΘΡΩΠΟΟ.
898 751 1001 808 Leg.
1035 749 1234 803 ἅνθρωπος
1268 751 1415 794 οὑτοσί.

218 891 325 948 Pag.
368 890 409 933 2.
443 890 483 933 2.
526 888 639 942 οἶμαι
674 891 755 944 γαρ
788 891 910 934 αὑτὸν
944 890 1010 932 διὰ
1041 889 1086 932 τὸ
1119 891 1340 933 πεπεῖσθαί
1371 907 1425 942 με
1456 891 1512 933 τὰ
1544 889 1730 944 παρόντα

156 961 379 1005 ε’παινέσΑΙ
425 962 696 1012 σεσιγηκέναι.
759 962 932 1005 Reiske:
965 962 1109 1017 fateor
1148 977 1206 1004 me
1248 963 1371 1004 locum
1413 963 1516 1004 kmw
1558 978 1636 1005 non
1667 963 1728 1004 in-

157 1032 369 1087 telliyeress'
430 1032 572 1075 Scribe
605 1033 870 1076 ε’παινέσΕΙΝ
903 1037 946 1076 et
978 1034 1119 1076 omnia
1151 1036 1272 1075 erunt
1303 1036 1534 1089 perspicua.

217 1103 387 1146 Veteres
430 1103 695 1156 ἐπαινέσομαι
739 1105 874 1147 dicere
915 1103 1129 1158 solebant,
1171 1104 1244 1146 sed
1279 1105 1323 1146 in
1353 1105 1420 1146 his
1450 1106 1608 1161 passim
1640 1119 1732 1161 pec-

157 1179 252 1220 cant
284 1174 482 1219 Graeculi
514 1175 670 1218 ἀκούσω
703 1176 887 1218 dicentes
919 1179 960 1218 et
991 1174 1076 1229 ᾅσω
1108 1178 1151 1218 et
1180 1174 1348 1226 γελάσω
1382 1189 1456 1232 pro
1484 1175 1729 1228 ἀκούσομαι,

157 1248 338 1303 ᾄσομαι,
373 1245 630 1298 γελάσομαι.

217 1387 323 1444 Pag.
360 1385 401 1430 3.
441 1388 479 1429 1.
512 1385 588 1429 ἔδει
621 1386 695 1438 μὲν
728 1387 862 1436 ἡδεῖαν
894 1386 987 1429 τότε
1021 1384 1233 1440 ἀνθρώποις
1268 1387 1456 1438 γενέσθαι
1481 1388 1560 1437 τὴν
1592 1390 1729 1440 ἀκοήν.

156 1458 205 1501 In
236 1464 395 1501 ΤΟΤΕ
427 1458 531 1500 latet
564 1464 720 1507 TOIC,
755 1458 889 1508 ἡδεῖαν
920 1463 1004 1505 τοῖς
1037 1458 1264 1511 ἀνθρώποις.

216 1598 419 1641 Libanius
461 1598 513 1640 Π.
556 1612 653 1655 pag.
689 1596 728 1640 5.
763 1596 804 1639 2.
838 1599 897 1639 sic
928 1597 1218 1640 scribendum:
1258 1599 1455 1652 Ἀρκαδίῳ
1487 1599 1526 1642 δὲ
1559 1600 1602 1642 τί
1628 1601 1729 1644 '‘AN

156 1685 218 1716 τις
251 1668 513 1720 ἐγκαλέσειες
548 1669 601 1720 τῷ
635 1668 674 1710 δὲ
701 1670 794 1719 μετ’
824 1668 968 1710 ἐκεῖνον
996 1669 1057 1716 τίς
1087 1675 1137 1722 τῇ
1165 1670 1205 1711 δὲ
1233 1669 1384 1711 τούτων
1412 1672 1555 1724 μητρίς
1591 1672 1731 1729 Vulgo

157 1739 207 1783 ἄν
250 1740 366 1782 abest
406 1743 447 1782 et
487 1740 647 1796 legitur
692 1740 837 1781 ἐκεῖνον
879 1755 918 1780 τι
962 1738 980 1780 ὁ
1023 1746 1073 1793 τῇ
1107 1740 1162 1782 δέ.
1225 1740 1336 1783 Nota
1366 1743 1653 1800 interrogandi
1684 1743 1731 1800 (;)

155 1811 369 1853 interdum
400 1813 445 1852 in
475 1810 515 1852 δέ
548 1812 825 1861 convertitur,
858 1825 968 1853 nunc
998 1811 1043 1853 in
1075 1811 1092 1852 ὂ
1125 1815 1292 1854 mutata
1323 1817 1400 1856 est.

217 1881 339 1925 Tom.
370 1881 441 1924 IV.
473 1896 571 1939 pag.
605 1881 707 1924 811.
742 1882 783 1924 5.
815 1881 883 1923 δια
911 1882 1065 1931 ταύτην
1094 1880 1179 1932 οὖν,
1207 1883 1333 1936 φησὶ,
1364 1882 1480 1935 νόμον
1507 1883 1550 1927 εὖ
1579 1884 1730 1939 ἔχοντα

157 1951 334 2004 λύσομεν
369 1954 410 1995 δὲ
436 1954 504 1995 καὶ
532 1952 656 2004 μάλα
686 1952 859 2000 δικαίως,
910 1951 1067 1995 Verum
1094 1953 1204 1996 Vidit
1227 1953 1417 1996 Bastius:
1438 1980 1492 1987 —-
1512 1952 1556 1997 εὖ
1583 1954 1734 2009 ἔχοντα

158 2025 353 2076 λύσομενς
391 2024 459 2066 καὶ
487 2023 610 2074 μάλα
637 2024 812 2070 δικαίως.
855 2023 903 2066 In
929 2025 1216 2066 minutissima
1243 2022 1446 2067 Codicum
1463 2028 1670 2082 scriptura
1683 2029 1733 2081 (;)

159 2100 201 2138 et
231 2095 526 2152 compendium
558 2094 732 2138 voculae
763 2094 803 2137 δέ
836 2103 1009 2138 accentu
1038 2098 1207 2138 tantum
1235 2096 1548 2153 dignoscuntur.

219 2235 325 2293 Pag.
371 2235 410 2278 6.
458 2235 528 2278 10.
572 2236 659 2288 περὶ
698 2235 858 2289 τάφους
892 2243 974 2284 τοῖς
1009 2242 1173 2284 πολλοῖς
1209 2238 1229 2286 ἧ
1264 2237 1440 2290 φροντίς.
1503 2238 1607 2296 Leg.
1641 2240 1728 2293 περὶ

158 2308 342 2362 τοὶΦΟΤ.
391 2308 577 2363 Plerique
601 2306 719 2349 nulla
741 2308 890 2350 salutis
915 2322 987 2363 spe
1012 2308 1171 2364 reliqua
1197 2309 1245 2350 de
1265 2309 1470 2363 sepultura
1495 2311 1728 2364 eoqz‘tabant.

219 2448 324 2506 Pag.
354 2447 393 2490 8.
426 2447 467 2492 ’7.
497 2448 741 2499 οὶλγήσοντα
769 2448 809 2491 δὲ
837 2447 923 2491 ἘΝ
953 2452 1044 2496 ταῖς
1071 2453 1148 2491 τῶν
1175 2449 1464 2501 ἡμαρτηκότων
1491 2450 1732 2499 ἀπωλείαις.

159 2520 224 2562 Ex
254 2523 454 2576 perpetuo
487 2518 740 2562 Graecitatis
765 2534 845 2562 usu
878 2520 1144 2562 scribendum
1174 2521 1280 2566 ἘΠΙ
1313 2526 1422 2568 ταῖς.
1486 2521 1735 2568 Constanter

161 2605 304 2634 omncs
346 2591 538 2633 dicebant
568 2590 748 2643 χαίρειν,
793 2593 1006 2642 amaseam,
1050 2593 1287 2641 λυπεῖσθαι,
1325 2591 1445 2642 μέγα
1476 2596 1634 2646 φρονεῖν
1665 2594 1735 2638 ἐπί

161 2677 251 2713 τινι,
288 2675 370 2704 non
403 2660 441 2703 ἔν
473 2677 562 2702 τινι.
626 2662 925 2717 Aristophanes
965 2662 1075 2717 Vesp.
1116 2661 1243 2706 1317.

431 2731 494 2774 ἐπὶ
529 2731 584 2784 τῷ
617 2736 749 2786 κομᾷς
782 2733 851 2774 καὶ
884 2734 1028 2785 σεμνὸς
1056 2731 1154 2776 εἶναι
1188 2738 1414 2787 προσποιεῖ;

222 2872 328 2929 Pag.
374 2870 444 2914 16.
489 2871 526 2914 5.
570 2871 656 2929 leg.
697 2873 738 2914 οὐ
780 2872 862 2926 γαρ
905 2873 1002 2923 ἤςην
1043 2871 1155 2920 οὗτός
1196 2890 1242 2916 τε
1275 2874 1342 2917 καὶ
1378 2874 1395 2916 0‘
1427 2874 1602 2924 κοινωνὸς
1626 2875 1734 2920 γοἰκ-ο-
