1946 3298
829 165 915 218 393

84 307 163 351 δεῖν
180 304 255 353 τάς
275 322 321 348 τε
345 304 457 356 παρά
481 304 604 356 φύσιν
623 302 826 354 γεννήσεις

84 378 152 420 καὶ
180 377 257 423 τάς
281 376 370 427 μεθ’
389 374 538 426 ὕβρεως
558 373 827 425 γιγνομένας,

84 446 416 496 καταλιμπάνειν
445 445 484 486 δὲ
510 449 585 486 τῶν
615 444 724 485 κατά
751 441 830 494 φύ-

85 533 144 559 σιν
191 534 235 559 τε
296 517 362 558 καὶ
411 515 521 565 μετά
576 513 830 566 σωφροσύνης

85 587 331 639 γιγνομένων
374 586 450 632 τάς
494 585 558 626 ἐπὶ
601 583 831 637 τεκνοποιία

84 658 255 710 σώφρονί
295 674 340 698 τε
383 657 451 698 καὶ
497 654 651 706 νομίμῳ
695 667 832 704 γιγνο-

84 728 224 778 μένοις.

907 303 1002 352 ρεῖν)
1045 297 1122 346 τάς
1166 313 1210 339 τε
1245 295 1357 348 παρά
1389 293 1512 348 φύσιν
1546 295 1657 348 γενέ-

908 387 988 416 σεις
1033 369 1102 411 καὶ
1144 368 1222 414 τάς
1255 368 1343 417 μεθ’
1376 365 1527 418 ὕβρεως
1559 382 1657 417 γιγ-

909 438 1102 493 νομένας,
1135 436 1468 487 καταλιμπάνειν
1503 437 1544 478 δὲ
1580 437 1657 484 τάς

910 509 1020 551 κατά
1057 508 1181 562 φύσιν
1214 508 1280 549 καὶ
1314 507 1426 557 μετά
1455 506 1659 560 σωφροσύ-

911 596 976 628 νης
1022 579 1085 620 ἐπὶ
1125 577 1352 631 τεκνοποιία
1395 576 1566 630 σώφρονί
1612 593 1658 618 τε

912 650 978 692 καὶ
1008 649 1161 702 νομίμῳ
1192 647 1455 699 γιγνομένας.

144 797 267 840 Nihil
296 797 448 838 horum
480 797 525 836 in
558 793 728 836 Stobaei
758 794 1005 836 Aristoxeno
1037 791 1213 848 legitur.

143 868 292 924 Pergit
323 866 605 909 Iamblichus:

326 947 597 979 IAMBLICHUS.

81 1007 412 1058 “Τπελάμβανον
461 1006 499 1048 δὲ
548 1007 626 1048 δεῖν
678 1007 832 1054 πολλῆν

84 1078 266 1130 πρόνοιαν
291 1078 488 1120 ποιεῖσθαι
516 1077 606 1123 τοὺς
633 1092 834 1118 τεκνοποι-

84 1148 267 1199 ουμένους
311 1153 387 1190 τῶν
422 1147 614 1196 ἐσομένων
648 1148 829 1198 ἐκγόνων.

84 1219 239 1271 πρώτην
272 1219 345 1269 μὲν
379 1215 442 1260 οὖν
476 1216 574 1259 εἶναι
609 1218 677 1260 καὶ
712 1219 832 1268 μεγί-

84 1304 154 1336 ςην
183 1287 363 1340 πρόνοιαν
390 1289 433 1329 τὸ
463 1288 682 1339 προσάγειν
711 1288 832 1330 αὑτὸν

84 1358 180 1411 πρὸς
224 1359 294 1407 τῆν
334 1359 582 1400 τεκνοποιίαν
621 1358 828 1411 σωφρόνως

83 1445 127 1471 τε
176 1429 243 1470 καὶ
289 1430 464 1479 ὑγιεινῶς
508 1429 745 1480 βεβιωκότα
787 1446 832 1471 τε

84 1504 146 1552 (τε
176 1499 268 1541 add.
288 1500 354 1551 F.)
378 1499 445 1540 καὶ
473 1499 602 1550 ζῶντα
629 1500 697 1541 καὶ
727 1502 833 1551 μη’τε

85 1570 283 1622 πληρώσει
307 1570 510 1621 χρώμενον
537 1574 686 1622 τροφῆς
716 1571 833 1612 άκαί-

85 1656 155 1694 ρως
189 1641 295 1691 μήτε
324 1640 643 1693 προσφερόμενον
660 1645 834 1683 τοιαῦτα

85 1710 166 1761 άφ’
212 1708 260 1752 ὧν
301 1711 458 1763 χείρους
503 1712 545 1753 αἱ
588 1713 664 1753 τῶν
697 1711 835 1762 σωμά-

85 1798 162 1824 των
195 1779 294 1832 ἕξεις
329 1782 562 1833 γίγνονται·

86 1853 192 1904 μήτε
223 1852 285 1909 (L.
321 1852 438 1909 μήτι)
474 1852 518 1901 δῆ
551 1851 750 1903 μεθύοντά
790 1869 834 1893 τε

88 1922 152 1980 (L.
171 1922 239 1978 γε)
263 1922 358 1963 άλλ’
387 1921 507 1971 ἤκιςα
523 1923 698 1966 πάντων.
721 1922 834 1977 ᾤοντο

85 1993 168 2045 γάρ
185 1993 228 2034 ἐκ
247 1994 413 2045 φαύλης
433 2010 477 2035 τε
500 1994 567 2035 καὶ
581 1995 835 2047 4άσυμφώνου

85 2063 153 2105 καὶ
172 2064 433 2116 ταραχώδους
454 2064 630 2115 κράσεως
649 2065 835 2118 μοχθηρά

86 2135 300 2185 γίγνεσθαι
332 2135 386 2176 τά
420 2134 658 2188 σπέρματα.

148 2276 326 2318 Καθόλου
376 2277 415 2318 δὲ
460 2281 671 2322 παντελῶς
721 2275 837 2329 ᾤοντο

87 2347 262 2401 ῥᾳθύμου
306 2347 408 2394 τινὸς
461 2345 560 2389 εἶναι
605 2346 672 2388 καὶ
716 2347 837 2397 άπρο-

88 2417 264 2459 σκέπτου
296 2418 362 2458 τὸν
395 2416 606 2467 μέλλοντα
638 2417 837 2470 ζωοποιεῖν

89 2487 156 2528 καὶ
199 2487 318 2537 ἄγειν
361 2488 452 2529 τινά
495 2489 550 2534 εἷς
594 2487 750 2538 γένεσιν
792 2502 837 2527 τε

89 2557 156 2599 καὶ
201 2558 339 2599 οὐσίαν
376 2558 483 2607 μήτε
519 2558 581 2614 (F.
615 2559 690 2611 μῆ)
726 2556 837 2606 μετά

88 2627 225 2676 πάσης
284 2628 458 2675 σπουδῆς
519 2630 682 2678 προοροῖν
734 2625 836 2674 ὅπως

89 2696 177 2741 ἔςαι
195 2698 244 2743 ὡς
261 2697 497 2749 χαριέςατα
511 2698 573 2753 (F.
587 2696 836 2751 χαριεςάτη)

88 2772 163 2809 τῶν
207 2768 456 2818 γιγνομένων
501 2770 521 2817 ῆ
565 2768 620 2814 εἷς
659 2768 703 2808 τὸ
736 2764 840 2808 εἷναί

89 2838 151 2892 (τε
194 2838 288 2881 add.
330 2838 396 2894 F.)
442 2838 508 2880 καὶ
559 2837 626 2889 ζῆν
674 2835 838 2891 ἄφιξις·

89 2908 205 2952 άλλά
238 2908 328 2957 τοὺς
360 2908 434 2960 μὲν
466 2907 688 2964 φιλόκυνας
721 2908 833 2960 μετά

1078 942 1263 974 OCELLUS
1294 941 1499 972 LUCANUS.

915 1009 993 1046 Δεῖ
1021 1003 1061 1044 δὲ
1094 1002 1220 1043 πάλιν
1263 1001 1328 1056 (L.
1362 998 1534 1056 πολλὴν)
1571 997 1662 1051 πρό-

913 1092 1018 1117 νοιαν
1057 1074 1253 1117 ποιεῖσθαι
1289 1071 1380 1118 τοὺς
1415 1085 1661 1112 τεκνοποιου-

913 1146 1052 1196 μένους
1066 1150 1141 1186 τῶν
1155 1141 1348 1193 ἐσομένων
1358 1141 1514 1184 τέκνων.
1527 1141 1660 1192 πρώτη

911 1220 985 1270 μὲν
1019 1216 1081 1260 οὖν
1124 1217 1209 1274 (καὶ
1247 1213 1358 1270 add.)
1394 1212 1548 1263 μεγίςη
1583 1214 1662 1264 φυ-

911 1291 1018 1338 λακῆ
1053 1289 1146 1340 πρὸς
1181 1285 1338 1338 γένεσιν
1370 1285 1424 1336 τῷ
1459 1297 1663 1325 τεκνοποι-

912 1367 967 1402 εῖν
1000 1356 1231 1410 βουλομένῳ
1264 1355 1404 1398 δίαιτα
1437 1352 1659 1406 σωφρονικῆ

912 1432 978 1473 καὶ
1016 1429 1194 1482 ὑγιεινη,
1234 1428 1283 1474 ὡς
1323 1426 1428 1475 μήτε
1463 1424 1661 1476 πληρώσει

911 1501 1085 1554 χρῆσθαι
1129 1503 1280 1551 τροφῆς
1331 1496 1496 1547 άκαίρου
1554 1495 1661 1545 μήτε

913 1572 1012 1624 μέθη
1041 1570 1147 1621 μήτε
1179 1567 1289 1620 άλλη
1313 1572 1360 1620 τῆ
1390 1567 1454 1622 (L.
1488 1565 1559 1621 τῳ)
1590 1581 1666 1607 τα-

913 1649 1048 1697 ραχῆ,
1083 1639 1126 1690 ἐξ
1154 1637 1201 1681 ὧν
1228 1638 1385 1690 χείρους
1415 1638 1456 1679 αἱ
1484 1637 1562 1679 τῶν
1589 1651 1664 1677 σω-

914 1712 1056 1765 μάτων
1090 1708 1191 1760 ἕξεις
1223 1708 1461 1760 γίγνονται·

915 1854 1078 1906 μάλιςα
1112 1853 1153 1894 δὲ
1184 1851 1346 1893 πάντων
1379 1849 1663 1902 προσῆκειφυ-

915 1924 1141 1967 λάττεσθαι
1175 1922 1220 1964 τὸ
1249 1924 1336 1976 (τῆς
1367 1920 1466 1974 del.)
1496 1921 1665 1966 καθεςη-

917 1996 1032 2042 κυίας
1083 1999 1155 2042 τῆς
1198 1992 1373 2038 διανοίας
1414 1990 1490 2038 τάς
1536 1987 1667 2040 μίξεις

916 2065 1143 2117 γίγνεσθαι.
1189 2063 1233 2104 ἐκ
1273 2061 1447 2114 φαύλων
1480 2060 1562 2112 γάρ
1599 2058 1667 2100 καὶ

918 2137 1172 2188 ἀσυμφώνων
1197 2133 1264 2174 καὶ
1286 2131 1531 2184 ταραχωδῶν
1551 2128 1668 2181 ἕξεων

916 2206 1103 2259 μοχθηρά
1140 2204 1332 2255 γίγνεται
1357 2202 1412 2244 τά
1430 2201 1667 2253 σπέρματα.

977 2276 1103 2319 Μετά
1138 2273 1272 2322 πάσης
1305 2271 1366 2315 οὖν
1394 2271 1568 2319 σπουδῆς
1598 2270 1666 2312 καὶ

917 2351 1119 2400 προσοχῆς
1190 2343 1252 2386 δεῖ
1315 2341 1666 2393 καταβάλλεσθαι

917 2415 1021 2463 ὅπως
1080 2414 1137 2457 τά
1190 2413 1421 2466 γεννώμενα
1470 2413 1624 2464 γίγνητ
1662 2426 1673 2452 ι

916 2486 1152 2541 χαριέςατα
1177 2485 1244 2526 καὶ
1273 2483 1503 2538 γεννώμενα
1535 2486 1670 2529 καλῶς

917 2560 1156 2609 άνατραφῇ.
1374 2555 1457 2607 γάρ
1518 2553 1668 2596 δίκαιον

917 2628 1009 2673 τοὺς
1054 2626 1128 2677 μὲν
1170 2627 1399 2679 φιλίππους
1431 2624 1499 2667 καὶ
1534 2621 1673 2675 φιλόρ-

919 2698 1027 2744 νιθας
1056 2697 1124 2738 καὶ
1149 2697 1373 2750 φιλόκυνας
1402 2694 1512 2746 μετά
1531 2692 1669 2740 πάσης

921 2767 1160 2818 ἐπιμελείας
1217 2766 1412 2820 φροντίδα
1468 2763 1667 2806 ποιεῖσθαι

1220 2555 1310 2597 οὔτε

920 2843 996 2881 τῶν
1024 2837 1272 2890 γιγνομένων
1299 2839 1349 2884 ὡς
1377 2833 1529 2878 δεῖκαὶ
1556 2831 1600 2882 ἐξ
1626 2828 1675 2873 ὧν

922 2909 986 2953 δεῖ
998 2909 1065 2953 καὶ
1078 2905 1144 2953 ὅτε
1158 2908 1220 2954 δεῖ
1229 2906 1299 2952 καὶ
1311 2909 1394 2955 πῶς
1408 2899 1662 2957 διακειμένων
