1946 3298
956 103 1040 153 519

270 234 376 291 Pag.
412 234 496 277 602
529 250 561 276 ο.
609 236 716 276 emuli
761 237 933 291 (inquit)
978 237 1114 290 patria
1164 251 1242 276 non
1284 236 1473 290 imperat:
1516 236 1783 290 εἶσένεγκΑῙ,

212 305 459 356 πρέσβευσον
505 306 561 352 εἷς
611 307 786 356 Ῥώμην,
836 306 1027 356 ὑπόδεξαι
1075 306 1142 348 τὸν
1188 305 1386 356 ἡγεμόνα.
1453 306 1560 357 Quia
1598 307 1785 348 tributum

211 376 393 426 conferre
433 375 668 431 appellatur
700 377 899 430 εἰσφέρειν
932 379 1138 420 constanti
1169 380 1210 418 et
1241 376 1450 431 frequenti
1483 377 1674 418 omnium
1704 389 1785 418 usu

210 446 342 488 scribe
374 446 602 497 εἰσένεγκε.

269 584 378 641 Pag.
414 583 499 626 602
526 600 556 626 e.
602 584 780 626 Tiberius
825 585 997 640 (inquit)
1025 600 1103 639 per
1143 589 1283 639 septem
1314 600 1435 626 annos
1469 585 1634 639 Capreis
1662 585 1786 627 vim:

211 655 310 696 ἀλλ’
352 656 482 708 ἐκείνῳ
524 656 598 705 μὲν
641 656 683 697 αἱ
722 660 794 703 τῆς
829 655 1050 705 ἡγεμονίαις
1083 655 1292 708 φροντίδες
1329 681 1382 687 -
1417 656 1458 696 οὐ
1493 655 1674 707 καθαραν
1705 671 1784 696 πα-

210 730 343 776 ρεῖχον
378 725 455 766 οὐδ’
490 726 700 775 ἀΜύμονα
733 726 802 773 την
838 729 1016 774 νησιῶτιν
1051 725 1243 776 ἡσυχίαν.
1293 725 1449 767 Nullus
1481 725 1550 766 hic
1578 725 1694 767 locus
1723 729 1785 767 est

210 795 414 837 vocabulo
446 794 673 838 Homerico
706 796 897 846 ἀμύμων.
961 795 1075 838 Scite
1107 800 1149 838 et
1181 800 1355 838 venuste
1387 796 1640 837 Plutarchus
1673 796 1785 837 dixe-

209 867 275 906 rat
306 864 521 915 ἀΚύμονα.
587 865 841 920 Saepissime
880 866 1046 916 ἀκύμων
1081 870 1125 907 de
1157 867 1450 921 tranquillitate
1481 866 1584 906 vitae
1614 879 1785 920 usurpa-

208 938 302 983 tur‚
336 949 446 978 nunc
482 935 740 991 lepidissime
773 936 822 977 de
854 935 1164 991 tranquillitate
1197 943 1235 977 et
1265 936 1395 977 maris
1428 939 1464 976 et
1494 936 1619 977 vitae.

267 1074 372 1131 Pag.
408 1073 494 1116 604
525 1076 563 1116 d.
608 1075 733 1116 exsuli
765 1075 856 1115 licet
889 1074 1063 1130 (inquit)
1095 1074 1300 1126 μυςηρίοις
1333 1075 1372 1115 ἐν
1404 1078 1604 1116 Ἐλευσῖνι
1637 1074 1785 1126 διατρί-

209 1144 314 1195 βειν,
349 1145 566 1191 Διονυσίοις
598 1145 637 1185 ἐν
673 1146 864 1171 *ssssss*
892 1145 1039 1197 ’Ἄργει
1068 1143 1366 1196 πανηγυρίζειν,
1397 1145 1548 1186 Πυθίων
1574 1144 1785 1194 ἀγομένων

208 1216 265 1261 εἷς
310 1215 500 1267 Δελφοὺς
549 1217 777 1267 παρελθεῖν.
825 1215 1011 1266 Ἰσθμίων
1053 1217 1108 1263 εἰς
1142 1216 1331 1266 Κόρινθον.
1395 1215 1488 1257 Non
1520 1218 1582 1256 est
1614 1214 1783 1256 difficile

209 1287 363 1327 amissa
411 1286 626 1341 supplere:
677 1287 894 1333 Διονυσίοις
939 1287 978 1327 ἐν
1025 1288 1254 1338 (”Α(“,ΤΘΙ,
1299 1285 1447 1335 Νέμεα
1490 1285 1547 1341 ἐν)
1586 1284 1780 1326 ”ΑΡΓΕΙ.

208 1355 423 1398 Lacunam
454 1359 616 1412 peperit
641 1357 875 1399 similitudo
897 1357 1136 1399 litterarum
1162 1356 1422 1397 'GNAcTel
1442 1381 1495 1386 —
1515 1357 1782 1396 'eNAPreL

208 1425 255 1467 Si
295 1427 400 1468 forte
440 1417 576 1469 maior
618 1431 680 1469 est
721 1427 893 1477 lacuna,
938 1427 1151 1482 probabile
1191 1430 1252 1468 est
1285 1427 1510 1468 excidisse:
1544 1426 1781 1480 (Ὀλύμπια

208 1497 246 1537 ἐν
278 1496 406 1548 Πίσῃ,
441 1496 590 1546 Νέμεα
624 1498 678 1546 ἐν)
708 1500 855 1547 ’Ἄργει
890 1495 1200 1548 πανηγυρίζειν,
1236 1500 1284 1537 ut
1320 1500 1498 1551 quatuor
1529 1495 1784 1537 nobilissimi

205 1566 296 1608 ludi
338 1570 657 1609 commemorati
691 1568 851 1610 fuerint
879 1581 1013 1622 neque
1046 1567 1220 1622 reliquis
1252 1566 1476 1609 nobiliores
1506 1566 1598 1607 ludi
1631 1565 1781 1622 Olym-

204 1637 289 1691 pici
321 1637 488 1679 silentio
521 1639 820 1692 praetermissi.

265 1775 368 1832 Pag.
404 1775 490 1818 604
513 1777 551 1817 d.
586 1777 618 1818 οἱ
651 1777 691 1818 δὲ
725 1783 884 1822 πλεῖς-οι
916 1776 1084 1828 μηδενὸς
1119 1775 1425 1826 ἀναγκάζοντος
1460 1776 1574 1817 αὐτοὶ
1610 1776 1653 1817 τὸ
1688 1777 1780 1827 ἀγ-

205 1845 386 1898 κύριον
428 1846 618 1898 ἀράμενοι
663 1849 967 1899 μεθωρμίσαντο
1000 1848 1092 1892 τοὺς
1125 1847 1239 1896 βίους
1274 1847 1342 1888 καὶ
1376 1845 1610 1896 μετέςησαν
1642 1847 1673 1888 οἱ
1706 1847 1780 1896 μὲν

206 1917 261 1962 εἷς
295 1917 494 1966 Ἀθηνας,
528 1919 560 1959 οἱ
592 1918 624 1959 δ’
659 1916 703 1966 ἐξ
735 1919 919 1965 Ἀθηνῶν.
969 1918 1016 1959 In
1049 1917 1115 1958 his
1147 1918 1228 1959 duo
1257 1917 1492 1971 offendunt⁷
1521 1917 1564 1957 τὸ
1591 1917 1781 1968 ἀγκύριον

204 2001 278 2042 pro
310 1988 381 2035 την
414 1986 598 2038 ἄγκυραν
632 1991 674 2029 et
705 1987 896 2039 ἀράμενοι
931 2002 1003 2042 pro
1033 1986 1216 2038 ἄραντες.
1252 1986 1466 2038 Ἀγκύριον
1489 1990 1600 2028 recte
1627 1987 1782 2028 dicitur

204 2059 248 2099 in
280 2056 482 2100 Charonis
522 2059 651 2115 cymba
693 2059 802 2113 apud
844 2059 1106 2112 Lucianum,
1151 2059 1194 2098 in
1239 2071 1320 2112 qua
1352 2059 1495 2099 omnia
1526 2060 1623 2098 sunt
1653 2071 1781 2112 parva

204 2131 245 2169 et
280 2128 428 2178 exilia,
463 2129 533 2170 sed
565 2142 690 2170 naves
722 2130 925 2183 maiores,
961 2129 1113 2183 quibus
1147 2141 1197 2169 ex
1229 2127 1351 2169 Italia
1382 2128 1568 2168 Athenas
1598 2127 1781 2182 proficis-

205 2198 420 2247 cebantur,
456 2199 641 2250 ἀγκύρας
672 2199 909 2248 habebant,
944 2212 1026 2241 non
1059 2198 1254 2250 ἀγκύρια.
1299 2198 1458 2239 Deinde
1489 2200 1559 2245 την
1594 2197 1780 2249 ἄγκυραν

205 2268 326 2320 αἴρειν
371 2269 525 2311 dicitur
568 2273 608 2310 et
649 2270 856 2319 ἀνασπᾶν,
902 2270 1070 2319 ἀνιμᾶν,
1105 2269 1375 2320 ἀναιρεῖσθαι,
1409 2268 1674 2319 ἀνέλκεσθαι,
1708 2269 1779 2311 sed

205 2337 384 2390 αἴρεσθαι
418 2341 489 2388 την
521 2338 707 2391 ἄγκυραν
740 2353 947 2394 nusquam
978 2339 1151 2396 legitur.

263 2409 543 2452 Plutarchum
587 2411 798 2464 scripsisse
840 2411 1059 2451 existimo:
1107 2408 1219 2450 αὐτοὶ
1253 2408 1298 2449 τὸ
1331 2410 1554 2450 ἈΚΑΤιον
1587 2408 1778 2461 ἀράμενοι

206 2481 525 2532 μεθωρμίσαντο.
590 2480 719 2521 Ludit
762 2481 875 2520 enim
917 2481 961 2520 in
1003 2480 1141 2522 verbis
1183 2479 1412 2520 decantatis
1455 2479 1628 2534 Epicuri
1669 2481 1779 2534 apud

203 2551 436 2608 Diogenem
470 2550 687 2592 Laertium
705 2550 758 2590 X.
780 2549 819 2591 6.
854 2549 1043 2591 παιδείαν
1076 2550 1115 2590 δὲ
1150 2552 1307 2598 πᾶσαν,
1343 2547 1370 2590 ὦ
1403 2549 1602 2600 μακάριε,
1640 2554 1776 2601 φεῦγε

203 2623 258 2664 τὸ
301 2620 530 2662 ἀκάτιον
573 2619 839 2671 ἀράμενος
886 2620 953 2674 (de
995 2628 1105 2661 certa
1148 2618 1352 2661 Gassendi
1385 2620 1673 2662 emendatione
1704 2635 1777 2676 pro

204 2709 250 2733 τε
281 2707 376 2733 κατι
409 2692 444 2732 δι
479 2691 623 2744 ε’ραμ),
669 2690 719 2731 de
762 2703 842 2744 quo
874 2689 964 2731 loco
998 2690 1117 2731 docta
1150 2694 1212 2731 est
1246 2691 1459 2731 annotatio
1490 2689 1700 2746 Menagii,
1736 2695 1777 2733 et

205 2763 418 2819 aliquanto
446 2761 605 2802 doctior
631 2761 759 2801 etiam
787 2759 917 2801 altera
946 2759 1260 2816 Wyttenbachii
1288 2759 1340 2800 ad
1365 2759 1523 2801 librum
1545 2761 1592 2801 de
1617 2762 1777 2803 audien-

205 2833 268 2875 dis
301 2832 430 2886 poetis
472 2844 566 2887 pag.
605 2829 659 2872 15
677 2831 716 2872 d.
750 2830 913 2882 πότερον
946 2828 1010 2872 οὖν
1045 2855 1098 2860 -
1134 2827 1436 2880 ἀναγκάζωμεν
1469 2830 1559 2878 τοὺς
1593 2830 1696 2880 νέους
1730 2835 1775 2875 τθ
