1946 3298
885 105 969 149 147

140 247 284 291 regere
316 231 514 275 adscribit
544 231 613 287 (ex
638 230 919 274 Demosthene
944 232 991 272 de
1024 234 1173 273 Corona
1199 245 1240 286 p.
1270 230 1394 282 263.)
1422 230 1509 274 ὥσθ’
1536 231 1707 278 ἅπαντα

142 304 209 346 τὸν
235 302 325 355 βιόν
353 302 562 348 ὑπεύθυνος
589 299 689 343 εἶναι
718 301 900 351 ὁμολογῶ
928 298 976 342 ῶν
1007 301 1027 349 ἢ
1059 301 1337 353 διακεχείρικα
1359 302 1379 350 ἢ
1403 303 1704 354 πεπολίτευμαι

142 375 238 425 παρ’
282 373 391 422 ὑμῖν.
454 371 576 414 Nihil
615 372 662 413 hi
702 371 1002 413 homunciones
1042 371 1314 427 intelligunt,
1356 371 1463 414 nihil
1505 375 1704 416 sentiunt.

140 443 322 487 Nullum
353 442 531 486 verbum
564 444 626 484 est
657 442 768 497 quod
798 455 880 484 non
911 443 970 483 sic
1003 455 1100 483 cum
1132 442 1321 499 genitivo
1353 451 1634 497 componatur.

203 602 322 646 Suid.
360 617 400 645 v.
445 600 864 651 Διασμώμενοςτ
909 601 1084 652 ἐρευνῶν,
1117 604 1270 644 vitiose
1300 616 1375 658 pro
1416 603 1707 654 Διαμώμενος,

143 674 252 731 quod
284 673 393 716 vide.
456 672 532 714 Est
561 672 662 714 haec
694 671 964 720 Θουκυδίδειος
997 671 1106 723 λέξις
1140 671 1209 714 IV.
1246 671 1317 716 26.

204 832 323 875 Suid.
364 847 404 876 v.
449 833 763 884 Διατορηθῆναιῖ
793 831 1077 884 -κατωτέρω
1111 836 1181 874 τοῦ
1216 832 1398 885 χάρακος
1434 834 1707 886 διαπορηθῆναι

142 905 213 952 την
259 908 350 954 γῆν.
408 904 700 954 Διατορηθῆναι
745 903 855 947 nihil
901 907 980 956 θείη
1031 907 1198 948 exemta
1242 904 1414 948 literula
1456 905 1709 959 διατρηθῆναι

141 975 277 1017 fuerat
307 973 586 1017 scribendum.

202 1135 266 1177 Ne
306 1134 451 1177 videar
491 1134 647 1176 iniuria
687 1134 913 1177 Aelianum
955 1138 1218 1178 contemnere
1260 1140 1301 1178 et
1343 1137 1532 1180 fastidire
1566 1142 1606 1180 et
1637 1152 1710 1194 pro

142 1206 406 1261 ineptissimo
438 1206 631 1246 omnium
664 1203 820 1248 Graece
852 1206 1125 1247 scribentium
1152 1207 1303 1249 habere
1331 1209 1553 1249 subiiciam
1581 1209 1713 1252 oculis

145 1277 380 1319 iuventutis
421 1274 666 1326 κακοζηλίας
698 1277 864 1333 insigne
901 1276 1143 1331 exemplum
1177 1291 1227 1318 ex
1259 1276 1388 1320 Suida
1419 1293 1460 1320 v.
1498 1280 1711 1321 Διονυσίων

149 1346 432 1396 σκωμμάτωνῖ
458 1371 512 1376 -
538 1340 577 1393 ἓς
620 1347 722 1395 λοξα
763 1346 929 1397 βλέπων
973 1347 1039 1387 καὶ
1084 1347 1266 1399 δεδορκὼς
1310 1346 1416 1390 ἄλλο
1457 1350 1531 1398 μὲν
1574 1349 1708 1392 ἔκευθε

151 1417 290 1469 Φρεσὶν
325 1416 429 1458 ἄλλο
463 1417 496 1458 δ’
528 1415 729 1468 ἔφασκεν·
765 1415 808 1458 οὗ
837 1418 938 1468 οὲροὶς
973 1417 1040 1458 καὶ
1074 1418 1234 1469 πικρίας
1268 1419 1334 1459 καὶ
1370 1419 1483 1461 δόλου
1516 1420 1560 1462 τὸ
1599 1420 1711 1471 ςόμα

146 1487 315 1538 ἔγεμεν·
364 1485 403 1530 ὃν
446 1488 602 1534 ἐνδίκως
647 1489 668 1536 ἡ
714 1487 802 1536 δίκη
846 1488 1052 1529 δικάσασα
1095 1489 1384 1531 κατεδίκασεν·
1429 1488 1467 1537 ὃς
1500 1493 1611 1533 κατα
1645 1493 1712 1534 τὸν

146 1560 312 1606 ποιητὴν
353 1559 508 1600 ἐτώσιον
551 1557 678 1611 ἄχθος
721 1558 882 1611 οὲρούρης
927 1558 1160 1611 ἐτύγχανεν
1204 1560 1265 1601 ὤν.
1311 1561 1408 1602 αλλ’
1455 1562 1493 1607 ἐς
1537 1562 1711 1614 κόρακας

143 1630 356 1681 βέβληται
400 1630 467 1670 καὶ
501 1629 631 1681 οἴχετ’
665 1628 777 1676 ἅϊςος
813 1628 967 1676 ἄπυςος
1005 1631 1248 1681 γιγγλύμου
1284 1633 1637 1685 πολυςροφώτερος
1671 1635 1711 1676 ἐν

143 1706 226 1747 τοῖς
260 1699 473 1752 πρακτέοις
508 1700 855 1750 ἀποδεικνύμενος.
890 1701 1051 1752 ἐρρέτω,
1086 1702 1253 1754 οἰχέσθω
1288 1702 1382 1753 μηδ’
1411 1704 1449 1744 ἐν
1478 1705 1711 1759 περιδείπνῳ

142 1769 497 1820 ἐπαινεθησόμενος
541 1771 558 1812 ὁ
591 1771 873 1823 τρια-βδελυρὸς
907 1772 974 1812 καὶ
1010 1776 1136 1813 κυκῶν
1169 1773 1236 1813 καὶ
1270 1773 1423 1826 φύρδην
1457 1775 1525 1816 καὶ
1558 1776 1711 1826 μίγδην

141 1846 258 1885 ποιῶν
302 1840 496 1892 ἅπαντα,
532 1843 575 1883 τὸ
609 1844 853 1884 κυκλώπειον
885 1841 1030 1897 τέρας,
1066 1843 1082 1884 ὁ
1115 1844 1299 1894 εἶδεχθης
1332 1844 1399 1885 καὶ
1435 1845 1704 1897 ἐμβρόντητος

141 1913 210 1955 καὶ
255 1912 494 1960 πλουτίνδην
538 1913 723 1965 ᾑρημένος
764 1913 932 1963 βιῶναι,
980 1914 1064 1954 θεοῦ
1098 1912 1183 1955 ἔπιν
1219 1915 1288 1955 οὐκ
1321 1914 1483 1965 οὶλέγων
1517 1917 1602 1958 οὐδὲ
1635 1934 1708 1959 κα-

141 1986 360 2038 τεπτηχὼς
403 1982 643 2036 Ἀδρας-ειαν
687 1982 898 2038 ἄφυκτον,
941 1984 957 2024 ὅ
994 1983 1296 2037 βωμολοχεύων
1330 1985 1391 2026 οέεὶ
1429 1986 1496 2027 καὶ
1529 1986 1709 2040 πέρπερα

141 2054 508 2107 γλισχρευόμενος,
568 2055 584 2096 ὃ
643 2059 762 2096 κυνῶν
818 2055 1000 2104 κύντερος
1063 2054 1130 2096 καὶ
1186 2055 1379 2106 δαιμόνων
1433 2057 1707 2114 (δαιμονίωνῖ)

141 2125 459 2178 ἀργαλεώτερος.
521 2125 638 2167 Haec
679 2125 767 2168 ille.
811 2124 837 2167 ὦ
879 2125 1064 2177 βέλτιςοι
1110 2127 1286 2178 νεανίαι,
1332 2125 1430 2169 οὕτω
1471 2129 1544 2178 μὲν
1577 2129 1620 2170 οὐ
1652 2130 1715 2172 δεῖ

141 2196 333 2250 γράφειν.
394 2196 471 2238 Est
502 2197 615 2239 enim
648 2210 793 2239 revera
823 2201 957 2250 γραῶν
993 2194 1120 2244 ὕθλος.

200 2346 320 2389 Suid.
354 2361 395 2389 v.
431 2345 624 2398 Δρύοπες.
643 2371 700 2378 -
727 2344 909 2399 ἐξῄτει
943 2347 1091 2395 αὐτοὺς
1123 2347 1298 2403 τροφήν,
1327 2349 1360 2390 οἱ
1388 2348 1422 2390 δ’
1449 2350 1517 2391 οὐκ
1544 2349 1708 2395 ἔδωκαν.

86 2458 89 2459 ⁷
141 2417 353 2460 Emenda:
387 2416 543 2470 ἐζήτει,
576 2431 676 2459 nam
704 2415 902 2459 Graeculi
926 2431 1000 2472 pro
1029 2419 1156 2460 αἰτεῖν
1186 2418 1374 2461 solebant
1401 2418 1533 2472 ζητεῖν
1561 2421 1710 2466 dicere.

141 2488 353 2543 Frequens
385 2487 616 2530 admodum
645 2489 690 2529 111
720 2487 840 2529 libris
873 2487 974 2530 haec
1006 2489 1191 2531 confusio
1223 2492 1298 2531 est.

200 2626 319 2671 Suid.
364 2641 405 2670 v.
454 2625 804 2676 Ἐκκείμεθα;
835 2651 889 2657 -
920 2628 962 2669 οὐ
1007 2627 1089 2680 γοέρ
1131 2630 1211 2673 ἐςιν
1255 2631 1276 2679 ἦ
1318 2631 1488 2679 οὶλήθεια
1526 2637 1708 2685 πρᾶγμα

142 2698 367 2748 ἐκκείμενον
400 2697 484 2740 οὐδὲ
520 2697 892 2747 καταβεβλημένον
927 2699 1010 2740 οὐδὲ
1046 2699 1193 2754 θατέρᾳ
1231 2700 1479 2749 ληπτέον.
1544 2701 1710 2748 Clamat

140 2771 346 2812 sententia
385 2768 539 2816 ληπτόν
584 2767 796 2811 emendari
834 2772 1044 2825 oportere,
1079 2771 1150 2813 sed
1181 2773 1225 2812 in
1255 2771 1333 2813 hac
1364 2774 1618 2828 proverbiali
1648 2775 1708 2818 lo-

140 2842 305 2883 cutione
334 2839 596 2883 tralaticium
626 2839 706 2882 hoc
736 2839 940 2883 mendum
971 2844 1046 2882 est.
