1946 3298
878 137 962 181 123

187 264 294 322 Pag.
347 263 416 308 71.
466 263 506 306 3.
554 264 713 312 τεθναίη
763 264 907 306 θᾶττον
954 262 976 311 ἢ
1025 262 1283 315 προαπείποι.
1348 263 1506 321 Supple
1553 267 1698 309 θοῖττον

130 332 265 392 (MN)
299 335 321 384 ἢ
356 335 595 387 προαπείποι
630 340 842 377 moreretur
872 335 1013 376 citius.

190 474 309 526 Quod
357 478 418 516 est
463 473 676 516 nonnullis
721 473 824 515 locis
865 473 1090 515 obscurum
1137 473 1237 528 quid
1279 474 1334 515 sit
1374 473 1697 527 ὑποκορίζεσθαι,

127 546 396 600 perspicuum
444 546 497 587 fit
536 546 676 587 verbis
718 543 885 585 Libanii
921 543 972 585 Π.
1018 542 1089 586 74.
1131 543 1169 585 2.
1205 547 1412 595 καλοῦμεν
1446 544 1485 586 δὲ
1518 551 1593 588 τῶν
1625 547 1700 597 μὲν

129 615 274 658 δούλων
309 618 418 666 ἡμᾶς
451 615 596 662 αὐτοὺς
632 614 861 664 δεσπότας,
896 614 987 661 τοὺς
1021 615 1060 656 δὲ
1095 616 1203 664 ἡμῶν
1234 616 1367 658 αὐτῶν
1396 615 1597 665 δεσπόταις
1632 616 1701 670 ἄρ-

121 700 275 737 χοντας
308 685 619 739 ὑποκοριζόμενοι
652 686 723 733 την
756 684 941 736 οὶνοέγκην
974 685 1146 739 εὐφήμῳ
1179 686 1346 738 ῥήματι.

187 826 390 869 Libanius
430 826 484 868 II.
528 840 622 884 pag.
671 825 740 870 75.
786 825 825 868 3.
871 826 903 867 οἱ
945 826 1021 876 μὲν
1064 825 1109 875 δη
1142 827 1366 879 χειρουργοὶ
1399 826 1546 879 τέχναι
1581 826 1632 870 αἵ
1654 845 1701 870 τε

125 896 255 940 ἄλλαι
299 897 366 939 καὶ
412 899 444 939 οἱ
477 898 544 939 τὸν
577 897 738 949 χαλκὸν
771 896 1005 942 ἐλαύνοντες
1038 895 1249 950 ἄγρυπνοι.
1312 899 1610 956 Dittographia
1640 899 1701 942 10-

127 982 224 1010 cum
254 969 365 1011 hune
394 970 579 1012 vitiavit.
643 968 743 1025 Leg.
779 969 812 1010 οἱ
845 968 919 1019 μὲν
954 967 998 1016 δη
1029 969 1360 1022 χειροτέχναι
1396 976 1452 1012 ΟΙ
1480 986 1526 1011 τε
1553 969 1700 1012 ἄλλΟΙ

1042 1047 1071 1066 ου
1110 1039 1133 1066 οἱ

126 1077 195 1120 καὶ
229 1078 262 1119 οἱ
296 1078 381 1120 κτὲ.
429 1077 534 1120 Erat
559 1079 604 1119 in
630 1080 797 1121 vetusto
824 1076 932 1119 libro
959 1048 1236 1131 xszpoprys'xvus.
1279 1078 1446 1121 Passim
1473 1092 1497 1121 a
1522 1079 1700 1122 Libanio

125 1147 383 1201 χειροτέχναι
415 1148 700 1205 appellantur,
733 1152 782 1190 ut
813 1162 910 1206 pag.
944 1148 1018 1192 80.
1052 1148 1120 1191 18.
1152 1150 1194 1191 οὐ
1221 1149 1510 1203 χειροτέχνης,
1537 1151 1580 1193 οὐ
1608 1166 1702 1204 ςρα-

125 1221 283 1270 τιώτης.
319 1223 360 1262 et
391 1233 489 1277 pag.
526 1219 625 1263 102.
663 1219 730 1262 18.
765 1223 807 1262 et
838 1219 954 1262 alibi.

424 1329 439 1347 Ο

185 1361 478 1405 Memorabilis
518 1361 635 1404 locus
676 1365 739 1404 est
779 1362 891 1418 apud
932 1361 1161 1404 Libanium
1193 1361 1248 1405 H.
1286 1361 1357 1406 76.
1394 1362 1462 1405 21.
1499 1363 1549 1406 de
1581 1363 1702 1406 disci-

127 1433 243 1489 plina
281 1433 528 1476 saoerdotali
570 1433 680 1489 apud
721 1432 914 1484 Veteres,
958 1434 1034 1475 ubi
1076 1435 1154 1475 ait:
1190 1434 1281 1474 θεῶν
1313 1434 1428 1485 ἱερεῖς
1464 1433 1618 1484 δόξειαν
1649 1433 1701 1477 ἄν

129 1520 231 1546 τισιν
279 1505 483 1555 ἐλεύθεροι.
532 1505 630 1546 αλλ’
678 1504 710 1545 εἰ
761 1503 867 1554 νόμοι
911 1502 1346 1556 δεσπόται-μείζων
1389 1506 1428 1546 ἓν
1469 1506 1637 1558 ἱερεῦσιν
1681 1506 1702 1554 ἦ

131 1575 308 1618 δουλεία.
341 1575 505 1622 πλείους
540 1576 624 1627 γαρ
657 1576 691 1617 οἱ
725 1574 857 1626 νόμοι,
891 1575 924 1616 οἱ
955 1575 1029 1626 μὲν
1062 1572 1217 1627 ἕσοιπερ
1251 1575 1319 1616 καὶ
1355 1580 1436 1622 τοῖς
1470 1574 1635 1627 ἄλλοις,
1671 1576 1704 1618 οἱ

129 1646 162 1688 δ’
211 1646 369 1694 ἐκείνοις
417 1646 698 1697 διαλεγόμενοι
740 1646 872 1698 μόνοις
915 1646 1096 1698 βρώσεώς
1141 1663 1188 1688 τε
1230 1645 1315 1699 πέρι
1360 1646 1428 1687 καὶ
1474 1650 1596 1689 ποτοῦ
1630 1647 1699 1689 καὶ

130 1720 272 1770 κουρᾶς
305 1717 372 1759 καὶ
407 1718 631 1766 ὑποδησεως
665 1717 762 1776 (leg.
799 1717 1051 1774 ὑποδΕσεως)
1093 1718 1160 1759 καὶ
1205 1716 1450 1769 ἀμπεχόνης
1493 1718 1562 1760 καὶ
1608 1735 1705 1771 ςρω-

131 1794 233 1840 μνῆς
265 1789 332 1831 καὶ
367 1793 442 1830 τῶν
474 1787 531 1830 ἔτι
559 1789 823 1841 βραχυτέρων
850 1791 898 1837 ὡς
929 1789 1015 1841 περὶ
1044 1793 1120 1831 τῶν
1147 1790 1349 1840 μεγίςων,
1382 1788 1450 1830 καὶ
1478 1789 1540 1832 δεῖ
1567 1789 1611 1840 δὴ
1637 1788 1705 1841 ζῆν

133 1860 241 1908 ἐντὸς
282 1865 355 1909 τῆς
396 1861 609 1912 οέκριβείας
652 1862 807 1910 ταύτης
853 1860 874 1910 ἢ
919 1863 987 1903 οὐκ
1029 1860 1118 1905 ἔςαι
1158 1863 1396 1912 συγγνώμη.
1462 1860 1704 1910 Praeterea,

131 1933 291 1987 inquit,
335 1931 379 1972 in
410 1932 700 1974 calamitatibus
731 1933 902 1987 publicis
922 1935 1095 1988 populus
1125 1932 1389 1974 sacerdotibus
1422 1933 1465 1974 ob
1497 1947 1610 1974 saera
1642 1947 1708 1974 ne-

132 2004 256 2057 qleota
286 2003 475 2045 irascitur
506 2009 543 2046 et
573 2004 651 2046 vim
681 2004 823 2060 infert.

195 2122 304 2166 Sunt
343 2125 387 2165 in
427 2123 547 2167 libris
583 2138 900 2181 nonnumquam
930 2126 1032 2167 miri
1063 2124 1235 2180 quidam
1268 2139 1314 2167 ac
1341 2127 1570 2181 portentosi
1602 2140 1709 2169 erro—

133 2208 220 2245 reS‚
257 2196 355 2250 quia
386 2197 544 2238 scribae
577 2211 628 2238 ex
660 2196 811 2238 Codice
843 2209 1010 2251 perroso
1044 2199 1117 2238 aut
1149 2195 1284 2238 lacero
1317 2197 1425 2252 quod
1457 2199 1501 2238 in
1532 2198 1709 2240 buccam

135 2267 254 2309 venit
294 2270 449 2309 temere
493 2268 703 2309 scribunt:
748 2267 870 2322 quale
909 2270 971 2309 est
1012 2267 1090 2308 hoc
1122 2267 1232 2322 apud
1263 2267 1491 2309 Libanium
1522 2268 1575 2310 Π.
1609 2283 1706 2326 pag.

139 2336 209 2379 84.
256 2336 294 2379 3.
340 2334 415 2379 οἷόν
446 2354 485 2380 τι
519 2337 653 2380 παλαι
688 2337 874 2389 γενέσθαι
908 2337 1038 2390 φασὶν
1073 2338 1111 2379 ἐν
1143 2344 1193 2391 τῇ
1227 2339 1322 2390 πρὸς
1353 2339 1583 2394 Μαντινείᾳ
1625 2344 1709 2394 φι-

139 2408 449 2463 λανθρωπία
495 2409 586 2456 τοὺς
630 2408 858 2461 ςρατηγοὺς
905 2408 979 2450 ὑπὸ
1018 2412 1093 2450 τῶν
1141 2411 1368 2461 ςρατιωτῶν
1415 2411 1708 2459 οξκοντισθῆναι.

140 2478 251 2531 Quid
280 2479 501 2522 absurdius
529 2480 612 2521 dici
643 2483 780 2535 potest
804 2493 932 2535 quam
967 2480 987 2527 ἡ
1018 2479 1112 2532 πρὸς
1140 2481 1372 2535 Μαντινείᾳ
1398 2480 1711 2535 φιλανθρωπίαῖ

141 2549 249 2602 Quia
288 2549 339 2592 de
376 2551 463 2592 acie
495 2564 542 2593 ae
573 2550 731 2606 proelio
765 2564 900 2593 sermo
933 2554 1018 2600 est,
1054 2552 1237 2609 emergit
1268 2552 1307 2593 ἐν
1339 2558 1390 2606 τῇ
1423 2553 1516 2605 πρὸς
1550 2560 1712 2596 Μαντι-

141 2621 228 2675 νεία
268 2621 592 2676 ἱππομαχία
635 2622 846 2678 (Xenoph.
891 2622 1051 2664 Hellen.
1093 2621 1184 2664 VII.
1232 2621 1272 2665 5.
1321 2622 1386 2665 16.
1408 2628 1513 2680 sqq.)
1554 2626 1599 2666 in
1631 2639 1713 2680 qua

140 2692 429 2748 Xenophontis
460 2692 572 2734 filius
604 2693 767 2734 fortiter
797 2706 989 2750 pugnans
1021 2693 1231 2735 occubuit.
1285 2693 1422 2736 Nemo
1454 2698 1597 2737 tamen
1627 2710 1716 2738 me·-

141 2767 298 2807 moriae
329 2764 513 2820 prodidit
543 2766 588 2806 in
619 2778 666 2806 ea
697 2777 841 2820 pugna
872 2763 997 2806 duces
1030 2777 1054 2806 a
1084 2763 1298 2806 militibus
1329 2765 1417 2806 suis
1446 2779 1533 2807 esse
1561 2779 1716 2808 caesos.

201 2884 326 2941 Apud
367 2883 595 2927 Libanium
634 2883 687 2926 II.
732 2882 800 2926 86.
846 2882 888 2926 2.
933 2883 1050 2927 locus
1081 2885 1145 2927 est
1173 2883 1250 2926 ubi
1281 2883 1453 2927 eaedem
1485 2886 1715 2929 sententiae
