<?xml version="1.0" encoding="UTF-8"?>
<!DOCTYPE html PUBLIC "-//W3C//DTD XHTML 1.0 Transitional//EN"
    "http://www.w3.org/TR/xhtml1/DTD/xhtml1-transitional.dtd">
<html xmlns="http://www.w3.org/1999/xhtml" xml:lang="en" lang="en">
 <head>
  <title>
</title>
<meta http-equiv="Content-Type" content="text/html;charset=utf-8" />
  <meta name='ocr-system' content='tesseract 3.04.00' />
  <meta name='ocr-capabilities' content='ocr_page ocr_carea ocr_par ocr_line ocrx_word'/>
</head>
<body>
  <div class='ocr_page' id='page_1' title='image "./collectaneacriti00cobeuoft_0036.png"; bbox 0 0 1946 3298; ppageno 0'>
   <div class='ocr_carea' id='block_1_1' title="bbox 971 163 1027 205">
    <p class='ocr_par' dir='ltr' id='par_1_1' title="bbox 971 163 1027 205">
     <span class='ocr_line' id='line_1_1' title="bbox 971 163 1027 205; baseline 0 0"><span class='ocrx_word' id='word_1_1' title='bbox 971 163 1027 205; x_wconf 78' lang='lat'><strong>18</strong></span> 
     </span>
    </p>
   </div>
   <div class='ocr_carea' id='block_1_2' title="bbox 198 285 1790 2668">
    <p class='ocr_par' dir='ltr' id='par_1_2' title="bbox 211 285 1783 418">
     <span class='ocr_line' id='line_1_2' title="bbox 212 285 1783 347; baseline -0.004 -13"><span class='ocrx_word' id='word_1_2' title='bbox 212 293 377 334; x_wconf 85' lang='lat' dir='ltr'><strong>dicitur.</strong></span> <span class='ocrx_word' id='word_1_3' title='bbox 441 292 523 335; x_wconf 82' lang='lat' dir='ltr'><strong>Sed</strong></span> <span class='ocrx_word' id='word_1_4' title='bbox 563 290 790 347; x_wconf 78' lang='lat' dir='ltr'>Polybius,</span> <span class='ocrx_word' id='word_1_5' title='bbox 833 303 959 345; x_wconf 89' lang='lat' dir='ltr'><strong>quem</strong></span> <span class='ocrx_word' id='word_1_6' title='bbox 999 287 1207 330; x_wconf 88' lang='lat' dir='ltr'><strong>Diodorus</strong></span> <span class='ocrx_word' id='word_1_7' title='bbox 1248 291 1290 330; x_wconf 87' lang='lat' dir='ltr'><strong>et</strong></span> <span class='ocrx_word' id='word_1_8' title='bbox 1319 285 1575 328; x_wconf 77' lang='lat' dir='ltr'><strong>Plutarchus</strong></span> <span class='ocrx_word' id='word_1_9' title='bbox 1605 300 1783 342; x_wconf 88' lang='lat' dir='ltr'><strong>sequun-</strong></span> 
     </span>
     <span class='ocr_line' id='line_1_3' title="bbox 211 357 1782 418; baseline -0.004 -14"><span class='ocrx_word' id='word_1_10' title='bbox 211 367 300 413; x_wconf 89' lang='lat' dir='ltr'><strong>tur,</strong></span> <span class='ocrx_word' id='word_1_11' title='bbox 334 367 472 418; x_wconf 89' lang='lat' dir='ltr'><strong>spreta</strong></span> <span class='ocrx_word' id='word_1_12' title='bbox 503 362 754 406; x_wconf 73' lang='lat' dir='ltr'>Graecitatis</span> <span class='ocrx_word' id='word_1_13' title='bbox 785 363 945 403; x_wconf 88' lang='lat' dir='ltr'><strong>ratione</strong></span> <span class='ocrx_word' id='word_1_14' title='bbox 972 359 1214 401; x_wconf 89' lang='lat' dir='ltr'><strong>Romanum</strong></span> <span class='ocrx_word' id='word_1_15' title='bbox 1244 357 1409 400; x_wconf 89' lang='lat' dir='ltr'><strong>dicendi</strong></span> <span class='ocrx_word' id='word_1_16' title='bbox 1434 370 1566 414; x_wconf 86' lang='lat' dir='ltr'><strong>genus</strong></span> <span class='ocrx_word' id='word_1_17' title='bbox 1593 358 1782 399; x_wconf 73' lang='lat' dir='ltr'><strong>retinuit.</strong></span> 
     </span>
    </p>

    <p class='ocr_par' dir='ltr' id='par_1_3' title="bbox 198 426 1789 1879">
     <span class='ocr_line' id='line_1_4' title="bbox 271 426 1782 489; baseline -0.005 -13"><span class='ocrx_word' id='word_1_18' title='bbox 271 434 387 476; x_wconf 88' lang='lat' dir='ltr'><strong>Haec</strong></span> <span class='ocrx_word' id='word_1_19' title='bbox 428 436 519 489; x_wconf 88' lang='lat' dir='ltr'><strong>ipsa</strong></span> <span class='ocrx_word' id='word_1_20' title='bbox 549 435 715 488; x_wconf 88' lang='lat' dir='ltr'><strong>propter</strong></span> <span class='ocrx_word' id='word_1_21' title='bbox 745 430 914 474; x_wconf 89' lang='lat' dir='ltr'><strong>Catonis</strong></span> <span class='ocrx_word' id='word_1_22' title='bbox 946 431 1086 471; x_wconf 89' lang='lat' dir='ltr'><strong>iocum</strong></span> <span class='ocrx_word' id='word_1_23' title='bbox 1118 432 1208 470; x_wconf 89' lang='lat' dir='ltr'><strong>tam</strong></span> <span class='ocrx_word' id='word_1_24' title='bbox 1239 426 1428 470; x_wconf 85' lang='lat' dir='ltr'><strong>multum</strong></span> <span class='ocrx_word' id='word_1_25' title='bbox 1459 427 1595 469; x_wconf 86' lang='lat' dir='ltr'><strong>derisa</strong></span> <span class='ocrx_word' id='word_1_26' title='bbox 1624 426 1782 484; x_wconf 87' lang='lat' dir='ltr'><strong>legatio</strong></span> 
     </span>
     <span class='ocr_line' id='line_1_5' title="bbox 210 497 1781 559; baseline -0.006 -12"><span class='ocrx_word' id='word_1_27' title='bbox 210 504 347 547; x_wconf 90' lang='lat' dir='ltr'><strong>multo</strong></span> <span class='ocrx_word' id='word_1_28' title='bbox 373 504 619 559; x_wconf 89' lang='lat' dir='ltr'><strong>prudentius</strong></span> <span class='ocrx_word' id='word_1_29' title='bbox 652 505 693 543; x_wconf 89' lang='lat' dir='ltr'><strong>et</strong></span> <span class='ocrx_word' id='word_1_30' title='bbox 719 502 970 556; x_wconf 86' lang='lat' dir='ltr'><strong>sapientius,</strong></span> <span class='ocrx_word' id='word_1_31' title='bbox 998 498 1149 540; x_wconf 84' lang='lat' dir='ltr'>addam</span> <span class='ocrx_word' id='word_1_32' title='bbox 1176 499 1306 540; x_wconf 83' lang='lat' dir='ltr'><strong>etiam</strong></span> <span class='ocrx_word' id='word_1_33' title='bbox 1332 498 1489 539; x_wconf 85' lang='lat' dir='ltr'><strong>maiore</strong></span> <span class='ocrx_word' id='word_1_34' title='bbox 1515 497 1781 538; x_wconf 86' lang='lat' dir='ltr'><strong>humanitate</strong></span> 
     </span>
     <span class='ocr_line' id='line_1_6' title="bbox 211 570 1784 623; baseline -0.006 -6"><span class='ocrx_word' id='word_1_35' title='bbox 211 578 252 616; x_wconf 92' lang='lat' dir='ltr'><strong>et</strong></span> <span class='ocrx_word' id='word_1_36' title='bbox 285 574 529 623; x_wconf 85' lang='lat' dir='ltr'><strong>clementia,</strong></span> <span class='ocrx_word' id='word_1_37' title='bbox 564 572 696 614; x_wconf 86' lang='lat' dir='ltr'><strong>officio</strong></span> <span class='ocrx_word' id='word_1_38' title='bbox 727 578 801 613; x_wconf 89' lang='lat' dir='ltr'><strong>suo</strong></span> <span class='ocrx_word' id='word_1_39' title='bbox 832 571 975 611; x_wconf 86' lang='lat' dir='ltr'><strong>functa</strong></span> <span class='ocrx_word' id='word_1_40' title='bbox 1006 571 1067 611; x_wconf 88' lang='lat' dir='ltr'><strong>est</strong></span> <span class='ocrx_word' id='word_1_41' title='bbox 1098 581 1226 623; x_wconf 86' lang='lat' dir='ltr'><strong>quam</strong></span> <span class='ocrx_word' id='word_1_42' title='bbox 1258 570 1442 609; x_wconf 87' lang='lat' dir='ltr'><strong>caeterae</strong></span> <span class='ocrx_word' id='word_1_43' title='bbox 1474 580 1642 621; x_wconf 85' lang='lat' dir='ltr'><strong>omnes,</strong></span> <span class='ocrx_word' id='word_1_44' title='bbox 1682 580 1784 621; x_wconf 89' lang='lat' dir='ltr'><strong>quas</strong></span> 
     </span>
     <span class='ocr_line' id='line_1_7' title="bbox 209 637 1783 697; baseline -0.005 -11"><span class='ocrx_word' id='word_1_45' title='bbox 209 645 253 686; x_wconf 90' lang='lat' dir='ltr'><strong>in</strong></span> <span class='ocrx_word' id='word_1_46' title='bbox 295 643 586 686; x_wconf 87' lang='lat' dir='ltr'><strong>huiuscemodi</strong></span> <span class='ocrx_word' id='word_1_47' title='bbox 623 642 792 697; x_wconf 85' lang='lat' dir='ltr'><strong>negotio</strong></span> <span class='ocrx_word' id='word_1_48' title='bbox 832 639 968 682; x_wconf 89' lang='lat' dir='ltr'><strong>Roma</strong></span> <span class='ocrx_word' id='word_1_49' title='bbox 1009 639 1159 680; x_wconf 87' lang='lat' dir='ltr'><strong>missas</strong></span> <span class='ocrx_word' id='word_1_50' title='bbox 1202 652 1289 680; x_wconf 88' lang='lat' dir='ltr'><strong>esse</strong></span> <span class='ocrx_word' id='word_1_51' title='bbox 1327 641 1368 680; x_wconf 92' lang='lat' dir='ltr'><strong>et</strong></span> <span class='ocrx_word' id='word_1_52' title='bbox 1399 637 1474 679; x_wconf 85' lang='lat' dir='ltr'><strong>alii</strong></span> <span class='ocrx_word' id='word_1_53' title='bbox 1504 641 1546 679; x_wconf 90' lang='lat' dir='ltr'><strong>et</strong></span> <span class='ocrx_word' id='word_1_54' title='bbox 1577 637 1783 694; x_wconf 78' lang='lat' dir='ltr'><strong>Polybius</strong></span> 
     </span>
     <span class='ocr_line' id='line_1_8' title="bbox 208 708 1781 768; baseline -0.005 -11"><span class='ocrx_word' id='word_1_55' title='bbox 208 716 437 757; x_wconf 82' lang='lat' dir='ltr'><strong>memoriae</strong></span> <span class='ocrx_word' id='word_1_56' title='bbox 477 712 760 768; x_wconf 89' lang='lat' dir='ltr'><strong>prodiderunt.</strong></span> <span class='ocrx_word' id='word_1_57' title='bbox 825 709 1067 752; x_wconf 82' lang='lat' dir='ltr'><strong>Monstrum</strong></span> <span class='ocrx_word' id='word_1_58' title='bbox 1110 712 1151 750; x_wconf 86' lang='lat' dir='ltr'><strong>et</strong></span> <span class='ocrx_word' id='word_1_59' title='bbox 1187 712 1432 764; x_wconf 87' lang='lat' dir='ltr'><strong>portentum</strong></span> <span class='ocrx_word' id='word_1_60' title='bbox 1462 708 1647 750; x_wconf 87' lang='lat' dir='ltr'><strong>hominis</strong></span> <span class='ocrx_word' id='word_1_61' title='bbox 1678 708 1781 749; x_wconf 87' lang='lat' dir='ltr'><strong>Pru-</strong></span> 
     </span>
     <span class='ocr_line' id='line_1_9' title="bbox 210 777 1785 836; baseline -0.005 -9"><span class='ocrx_word' id='word_1_62' title='bbox 210 787 318 827; x_wconf 90' lang='lat' dir='ltr'><strong>siam</strong></span> <span class='ocrx_word' id='word_1_63' title='bbox 348 785 498 834; x_wconf 82' lang='lat' dir='ltr'><strong>fuisse,</strong></span> <span class='ocrx_word' id='word_1_64' title='bbox 531 797 582 824; x_wconf 89' lang='lat' dir='ltr'><strong>ne</strong></span> <span class='ocrx_word' id='word_1_65' title='bbox 616 782 748 823; x_wconf 81' lang='lat' dir='ltr'><strong>dicam</strong></span> <span class='ocrx_word' id='word_1_66' title='bbox 784 780 833 822; x_wconf 88' lang='lat' dir='ltr'><strong>de</strong></span> <span class='ocrx_word' id='word_1_67' title='bbox 865 780 1074 836; x_wconf 89' lang='lat' dir='ltr'><strong>flagitiosa</strong></span> <span class='ocrx_word' id='word_1_68' title='bbox 1104 779 1393 821; x_wconf 90' lang='lat' dir='ltr'><strong>Romanorum</strong></span> <span class='ocrx_word' id='word_1_69' title='bbox 1427 778 1690 828; x_wconf 89' lang='lat' dir='ltr'><strong>adulatione,</strong></span> <span class='ocrx_word' id='word_1_70' title='bbox 1716 777 1785 821; x_wconf 80' lang='lat' dir='ltr'><strong>vel</strong></span> 
     </span>
     <span class='ocr_line' id='line_1_10' title="bbox 210 849 1784 910; baseline -0.004 -13"><span class='ocrx_word' id='word_1_71' title='bbox 210 870 318 897; x_wconf 90' lang='lat' dir='ltr'><strong>unus</strong></span> <span class='ocrx_word' id='word_1_72' title='bbox 358 854 528 910; x_wconf 83' lang='lat' dir='ltr'><strong>Polybii</strong></span> <span class='ocrx_word' id='word_1_73' title='bbox 569 853 685 895; x_wconf 90' lang='lat' dir='ltr'><strong>locus</strong></span> <span class='ocrx_word' id='word_1_74' title='bbox 726 850 938 893; x_wconf 89' lang='lat' dir='ltr'>XXXVII</span> <span class='ocrx_word' id='word_1_75' title='bbox 985 849 1026 891; x_wconf 77' lang='lat'><strong>2.</strong></span> <span class='ocrx_word' id='word_1_76' title='bbox 1060 850 1223 892; x_wconf 83' lang='lat' dir='ltr'><strong>abunde</strong></span> <span class='ocrx_word' id='word_1_77' title='bbox 1255 849 1457 892; x_wconf 89' lang='lat' dir='ltr'><strong>ostendet.</strong></span> <span class='ocrx_word' id='word_1_78' title='bbox 1526 849 1690 903; x_wconf 72' lang='lat' dir='ltr'><strong>Corpore</strong></span> <span class='ocrx_word' id='word_1_79' title='bbox 1721 850 1784 890; x_wconf 83' lang='lat' dir='ltr'><strong>cle-</strong></span> 
     </span>
     <span class='ocr_line' id='line_1_11' title="bbox 198 919 1786 980; baseline -0.003 -15"><span class='ocrx_word' id='word_1_80' title='bbox 198 925 375 980; x_wconf 84' lang='lat' dir='ltr'><strong>formis,</strong></span> <span class='ocrx_word' id='word_1_81' title='bbox 419 925 546 965; x_wconf 67' lang='lat' dir='ltr'><strong>animo</strong></span> <span class='ocrx_word' id='word_1_82' title='bbox 586 923 787 977; x_wconf 66' lang='lat' dir='ltr'><strong>stupidus,</strong></span> <span class='ocrx_word' id='word_1_83' title='bbox 832 921 997 973; x_wconf 60' lang='lat' dir='ltr'><strong>dynamis</strong></span> <span class='ocrx_word' id='word_1_84' title='bbox 1037 920 1081 961; x_wconf 73' lang='lat' dir='ltr'><strong>in</strong></span> <span class='ocrx_word' id='word_1_85' title='bbox 1124 921 1244 970; x_wconf 79' lang='lat' dir='ltr'><strong>bello,</strong></span> <span class='ocrx_word' id='word_1_86' title='bbox 1290 921 1463 961; x_wconf 77' lang='lat' dir='ltr'><strong>laborum</strong></span> <span class='ocrx_word' id='word_1_87' title='bbox 1506 919 1713 974; x_wconf 73' lang='lat' dir='ltr'><strong>impatiens</strong></span> <span class='ocrx_word' id='word_1_88' title='bbox 1750 925 1786 961; x_wconf 90' lang='lat' dir='ltr'><strong>et</strong></span> 
     </span>
     <span class='ocr_line' id='line_1_12' title="bbox 212 990 1787 1047; baseline -0.004 -10"><span class='ocrx_word' id='word_1_89' title='bbox 212 997 364 1037; x_wconf 72' lang='lat' dir='ltr'><strong>omnino</strong></span> <span class='ocrx_word' id='word_1_90' title='bbox 411 996 538 1035; x_wconf 73' lang='lat' dir='ltr'><strong>animo</strong></span> <span class='ocrx_word' id='word_1_91' title='bbox 587 998 623 1034; x_wconf 84' lang='lat' dir='ltr'><strong>et</strong></span> <span class='ocrx_word' id='word_1_92' title='bbox 669 1007 825 1046; x_wconf 69' lang='lat' dir='ltr'><strong>Corpore</strong></span> <span class='ocrx_word' id='word_1_93' title='bbox 871 992 1150 1047; x_wconf 71' lang='lat' dir='ltr'><strong>effoeminatus.</strong></span> <span class='ocrx_word' id='word_1_94' title='bbox 1222 991 1330 1032; x_wconf 78' lang='lat' dir='ltr'><strong>Idem</strong></span> <span class='ocrx_word' id='word_1_95' title='bbox 1363 991 1506 1047; x_wconf 84' lang='lat' dir='ltr'><strong>foedis</strong></span> <span class='ocrx_word' id='word_1_96' title='bbox 1553 990 1787 1031; x_wconf 77' lang='lat' dir='ltr'><strong>libidinibus</strong></span> 
     </span>
     <span class='ocr_line' id='line_1_13' title="bbox 211 1058 1786 1117; baseline -0.003 -10"><span class='ocrx_word' id='word_1_97' title='bbox 211 1067 384 1111; x_wconf 71' lang='lat' dir='ltr'><strong>deditus.</strong></span> <span class='ocrx_word' id='word_1_98' title='bbox 423 1065 623 1107; x_wconf 75' lang='lat' dir='ltr'><strong>doetrinae</strong></span> <span class='ocrx_word' id='word_1_99' title='bbox 655 1063 777 1104; x_wconf 76' lang='lat' dir='ltr'><strong>omnis</strong></span> <span class='ocrx_word' id='word_1_100' title='bbox 809 1077 942 1117; x_wconf 45' lang='lat' dir='ltr'><strong>esf—pers</strong></span> <span class='ocrx_word' id='word_1_101' title='bbox 971 1062 1039 1103; x_wconf 72' lang='grc' dir='ltr'><strong>καὶ</strong></span> <span class='ocrx_word' id='word_1_102' title='bbox 1070 1062 1305 1113; x_wconf 68' lang='grc' dir='ltr'><em>συλλήβδην</em></span> <span class='ocrx_word' id='word_1_103' title='bbox 1331 1065 1400 1104; x_wconf 78' lang='grc' dir='ltr'><strong>τοῦ</strong></span> <span class='ocrx_word' id='word_1_104' title='bbox 1430 1064 1556 1102; x_wconf 62' lang='lat' dir='ltr'><strong>mam&amp;</strong></span> <span class='ocrx_word' id='word_1_105' title='bbox 1584 1058 1607 1102; x_wconf 76' lang='grc' dir='ltr'><strong>δ’</strong></span> <span class='ocrx_word' id='word_1_106' title='bbox 1630 1077 1668 1102; x_wconf 83' lang='grc' dir='ltr'><strong>τι</strong></span> <span class='ocrx_word' id='word_1_107' title='bbox 1697 1071 1786 1102; x_wconf 79' lang='grc' dir='ltr'><em>ποτ’</em></span> 
     </span>
     <span class='ocr_line' id='line_1_14' title="bbox 212 1130 1786 1189; baseline -0.003 -12"><span class='ocrx_word' id='word_1_108' title='bbox 212 1136 294 1180; x_wconf 56' lang='lat' dir='ltr'><strong>§siv</strong></span> <span class='ocrx_word' id='word_1_109' title='bbox 338 1136 415 1178; x_wconf 78' lang='grc' dir='ltr'><strong>οὐδ’</strong></span> <span class='ocrx_word' id='word_1_110' title='bbox 458 1135 603 1178; x_wconf 70' lang='grc' dir='ltr'><strong>ἔννοιαν</strong></span> <span class='ocrx_word' id='word_1_111' title='bbox 646 1133 751 1186; x_wconf 76' lang='grc' dir='ltr'><strong>ἔχων</strong></span> <span class='ocrx_word' id='word_1_112' title='bbox 784 1132 1145 1185; x_wconf 64' lang='grc' dir='ltr'><em>Σαρδαναπάλλου</em></span> <span class='ocrx_word' id='word_1_113' title='bbox 1178 1131 1211 1189; x_wconf 88' lang='grc'><strong>1)</strong></span> <span class='ocrx_word' id='word_1_114' title='bbox 1246 1132 1335 1183; x_wconf 80' lang='grc' dir='ltr'><em>βίον</em></span> <span class='ocrx_word' id='word_1_115' title='bbox 1368 1130 1433 1184; x_wconf 74' lang='grc' dir='ltr'><strong>ἔζη</strong></span> <span class='ocrx_word' id='word_1_116' title='bbox 1467 1131 1535 1173; x_wconf 70' lang='grc' dir='ltr'><strong>καὶ</strong></span> <span class='ocrx_word' id='word_1_117' title='bbox 1566 1131 1655 1181; x_wconf 80' lang='grc' dir='ltr'><strong>μεθ’</strong></span> <span class='ocrx_word' id='word_1_118' title='bbox 1689 1131 1786 1182; x_wconf 78' lang='grc' dir='ltr'>ἡμέ-</span> 
     </span>
     <span class='ocr_line' id='line_1_15' title="bbox 210 1201 1785 1260; baseline -0.003 -12"><span class='ocrx_word' id='word_1_119' title='bbox 210 1223 281 1258; x_wconf 65' lang='grc' dir='ltr'><strong>ραν</strong></span> <span class='ocrx_word' id='word_1_120' title='bbox 323 1206 390 1247; x_wconf 60' lang='grc' dir='ltr'><strong>καὶ</strong></span> <span class='ocrx_word' id='word_1_121' title='bbox 433 1205 594 1256; x_wconf 78' lang='grc' dir='ltr'>νύκτωρ.</span> <span class='ocrx_word' id='word_1_122' title='bbox 657 1204 723 1246; x_wconf 93' lang='lat' dir='ltr'><strong>Ad</strong></span> <span class='ocrx_word' id='word_1_123' title='bbox 764 1203 894 1245; x_wconf 88' lang='lat' dir='ltr'><strong>talem</strong></span> <span class='ocrx_word' id='word_1_124' title='bbox 935 1203 1153 1245; x_wconf 88' lang='lat' dir='ltr'><strong>hominem</strong></span> <span class='ocrx_word' id='word_1_125' title='bbox 1195 1205 1240 1244; x_wconf 93' lang='lat' dir='ltr'><strong>in</strong></span> <span class='ocrx_word' id='word_1_126' title='bbox 1279 1216 1409 1260; x_wconf 86' lang='lat' dir='ltr'><strong>regno</strong></span> <span class='ocrx_word' id='word_1_127' title='bbox 1453 1201 1785 1245; x_wconf 87' lang='lat' dir='ltr'><strong>confirmandum</strong></span> 
     </span>
     <span class='ocr_line' id='line_1_16' title="bbox 211 1273 1786 1334; baseline -0.003 -15"><span class='ocrx_word' id='word_1_128' title='bbox 211 1277 390 1334; x_wconf 87' lang='lat' dir='ltr'><strong>legatio,</strong></span> <span class='ocrx_word' id='word_1_129' title='bbox 428 1290 554 1331; x_wconf 89' lang='lat' dir='ltr'><strong>quam</strong></span> <span class='ocrx_word' id='word_1_130' title='bbox 597 1273 699 1318; x_wconf 83' lang='lat' dir='ltr'><strong>Cato</strong></span> <span class='ocrx_word' id='word_1_131' title='bbox 741 1274 872 1322; x_wconf 89' lang='lat' dir='ltr'><strong>ridet,</strong></span> <span class='ocrx_word' id='word_1_132' title='bbox 915 1275 1119 1315; x_wconf 88' lang='lat' dir='ltr'><strong>mittitur.</strong></span> <span class='ocrx_word' id='word_1_133' title='bbox 1182 1273 1229 1315; x_wconf 81' lang='lat' dir='ltr'><strong>Si</strong></span> <span class='ocrx_word' id='word_1_134' title='bbox 1259 1273 1470 1328; x_wconf 81' lang='lat' dir='ltr'><strong>Popillius</strong></span> <span class='ocrx_word' id='word_1_135' title='bbox 1501 1273 1669 1322; x_wconf 78' lang='lat' dir='ltr'><strong>fuisset,</strong></span> <span class='ocrx_word' id='word_1_136' title='bbox 1703 1274 1786 1315; x_wconf 86' lang='lat' dir='ltr'><strong>vir-</strong></span> 
     </span>
     <span class='ocr_line' id='line_1_17' title="bbox 211 1343 1787 1400; baseline -0.001 -13"><span class='ocrx_word' id='word_1_137' title='bbox 211 1347 316 1387; x_wconf 84' lang='lat' dir='ltr'><strong>tutis</strong></span> <span class='ocrx_word' id='word_1_138' title='bbox 359 1349 399 1387; x_wconf 89' lang='lat' dir='ltr'><strong>et</strong></span> <span class='ocrx_word' id='word_1_139' title='bbox 441 1346 696 1387; x_wconf 81' lang='lat' dir='ltr'><strong>constantiae</strong></span> <span class='ocrx_word' id='word_1_140' title='bbox 737 1344 950 1386; x_wconf 87' lang='lat' dir='ltr'><strong>Romanae</strong></span> <span class='ocrx_word' id='word_1_141' title='bbox 994 1343 1257 1399; x_wconf 83' lang='lat' dir='ltr'><strong>exemplum,</strong></span> <span class='ocrx_word' id='word_1_142' title='bbox 1302 1344 1352 1385; x_wconf 91' lang='lat' dir='ltr'><strong>de</strong></span> <span class='ocrx_word' id='word_1_143' title='bbox 1393 1345 1558 1386; x_wconf 88' lang='lat' dir='ltr'><strong>miseris</strong></span> <span class='ocrx_word' id='word_1_144' title='bbox 1589 1343 1787 1400; x_wconf 81' lang='lat' dir='ltr'><strong>Bithynis</strong></span> 
     </span>
     <span class='ocr_line' id='line_1_18' title="bbox 214 1413 1788 1472; baseline -0.001 -14"><span class='ocrx_word' id='word_1_145' title='bbox 214 1420 300 1459; x_wconf 90' lang='lat' dir='ltr'><strong>erat</strong></span> <span class='ocrx_word' id='word_1_146' title='bbox 333 1420 489 1458; x_wconf 89' lang='lat' dir='ltr'><strong>actum.</strong></span> <span class='ocrx_word' id='word_1_147' title='bbox 544 1415 653 1467; x_wconf 80' lang='lat' dir='ltr'><strong>Quid</strong></span> <span class='ocrx_word' id='word_1_148' title='bbox 685 1413 838 1457; x_wconf 74' lang='lat' dir='ltr'><strong>nostri?</strong></span> <span class='ocrx_word' id='word_1_149' title='bbox 887 1415 1090 1472; x_wconf 87' lang='lat' dir='ltr'><strong>Benignis</strong></span> <span class='ocrx_word' id='word_1_150' title='bbox 1123 1416 1293 1456; x_wconf 89' lang='lat' dir='ltr'><strong>auribus</strong></span> <span class='ocrx_word' id='word_1_151' title='bbox 1320 1417 1361 1456; x_wconf 91' lang='lat' dir='ltr'><strong>et</strong></span> <span class='ocrx_word' id='word_1_152' title='bbox 1391 1416 1544 1456; x_wconf 90' lang='lat' dir='ltr'><strong>animis</strong></span> <span class='ocrx_word' id='word_1_153' title='bbox 1576 1415 1788 1470; x_wconf 88' lang='lat' dir='ltr'><strong>accipiunt</strong></span> 
     </span>
     <span class='ocr_line' id='line_1_19' title="bbox 212 1485 1787 1543; baseline -0.001 -15"><span class='ocrx_word' id='word_1_154' title='bbox 212 1486 496 1543; x_wconf 71' lang='lat' dir='ltr'><strong>Bithynorum</strong></span> <span class='ocrx_word' id='word_1_155' title='bbox 539 1485 749 1541; x_wconf 85' lang='lat' dir='ltr'><strong>querelas,</strong></span> <span class='ocrx_word' id='word_1_156' title='bbox 794 1487 926 1527; x_wconf 89' lang='lat' dir='ltr'><strong>iustas</strong></span> <span class='ocrx_word' id='word_1_157' title='bbox 970 1499 1057 1527; x_wconf 90' lang='lat' dir='ltr'><strong>esse</strong></span> <span class='ocrx_word' id='word_1_158' title='bbox 1091 1488 1345 1542; x_wconf 87' lang='lat' dir='ltr'><strong>agnoscunt,</strong></span> <span class='ocrx_word' id='word_1_159' title='bbox 1381 1486 1551 1527; x_wconf 82' lang='lat' dir='ltr'><strong>Prusiae</strong></span> <span class='ocrx_word' id='word_1_160' title='bbox 1582 1485 1787 1527; x_wconf 90' lang='lat' dir='ltr'><strong>scelerum</strong></span> 
     </span>
     <span class='ocr_line' id='line_1_20' title="bbox 214 1555 1787 1607; baseline 0 -10"><span class='ocrx_word' id='word_1_161' title='bbox 214 1556 417 1598; x_wconf 76' lang='lat' dir='ltr'><strong>Senatum</strong></span> <span class='ocrx_word' id='word_1_162' title='bbox 460 1558 676 1599; x_wconf 82' lang='lat' dir='ltr'><strong>certiorem</strong></span> <span class='ocrx_word' id='word_1_163' title='bbox 717 1557 850 1598; x_wconf 84' lang='lat' dir='ltr'><strong>facere</strong></span> <span class='ocrx_word' id='word_1_164' title='bbox 892 1556 1138 1607; x_wconf 86' lang='lat' dir='ltr'><strong>decernunt,</strong></span> <span class='ocrx_word' id='word_1_165' title='bbox 1177 1560 1219 1598; x_wconf 89' lang='lat' dir='ltr'><strong>et</strong></span> <span class='ocrx_word' id='word_1_166' title='bbox 1250 1570 1294 1598; x_wconf 92' lang='lat' dir='ltr'><strong>re</strong></span> <span class='ocrx_word' id='word_1_167' title='bbox 1325 1556 1480 1598; x_wconf 89' lang='lat' dir='ltr'><strong>infecta</strong></span> <span class='ocrx_word' id='word_1_168' title='bbox 1512 1555 1694 1598; x_wconf 88' lang='lat' dir='ltr'><strong>Romam</strong></span> <span class='ocrx_word' id='word_1_169' title='bbox 1726 1569 1787 1597; x_wconf 88' lang='lat' dir='ltr'><strong>re-</strong></span> 
     </span>
     <span class='ocr_line' id='line_1_21' title="bbox 214 1625 1787 1682; baseline 0 -14"><span class='ocrx_word' id='word_1_170' title='bbox 214 1630 436 1668; x_wconf 80' lang='lat' dir='ltr'><strong>vertuntur</strong></span> <span class='ocrx_word' id='word_1_171' title='bbox 483 1628 530 1679; x_wconf 74' lang='lat'><strong>²).</strong></span> <span class='ocrx_word' id='word_1_172' title='bbox 603 1627 749 1682; x_wconf 87' lang='lat' dir='ltr'><strong>Itaque</strong></span> <span class='ocrx_word' id='word_1_173' title='bbox 795 1629 960 1669; x_wconf 86' lang='lat' dir='ltr'><strong>Prusias</strong></span> <span class='ocrx_word' id='word_1_174' title='bbox 1005 1627 1293 1670; x_wconf 89' lang='lat' dir='ltr'><strong>Romanorum</strong></span> <span class='ocrx_word' id='word_1_175' title='bbox 1341 1626 1522 1676; x_wconf 83' lang='lat' dir='ltr'><strong>auxilio,</strong></span> <span class='ocrx_word' id='word_1_176' title='bbox 1574 1640 1654 1681; x_wconf 93' lang='lat' dir='ltr'><strong>quo</strong></span> <span class='ocrx_word' id='word_1_177' title='bbox 1700 1625 1787 1668; x_wconf 89' lang='lat' dir='ltr'><strong>solo</strong></span> 
     </span>
     <span class='ocr_line' id='line_1_22' title="bbox 213 1696 1786 1755; baseline 0.002 -17"><span class='ocrx_word' id='word_1_178' title='bbox 213 1698 444 1747; x_wconf 87' lang='lat' dir='ltr'><strong>nitebatur,</strong></span> <span class='ocrx_word' id='word_1_179' title='bbox 486 1698 712 1740; x_wconf 85' lang='lat' dir='ltr'><strong>destitutus</strong></span> <span class='ocrx_word' id='word_1_180' title='bbox 741 1711 840 1739; x_wconf 77' lang='lat' dir='ltr'><strong>mox</strong></span> <span class='ocrx_word' id='word_1_181' title='bbox 871 1699 978 1740; x_wconf 83' lang='lat' dir='ltr'><strong>vitia</strong></span> <span class='ocrx_word' id='word_1_182' title='bbox 1008 1701 1049 1739; x_wconf 91' lang='lat' dir='ltr'><strong>et</strong></span> <span class='ocrx_word' id='word_1_183' title='bbox 1080 1697 1244 1755; x_wconf 86' lang='lat' dir='ltr'><strong>flagitia</strong></span> <span class='ocrx_word' id='word_1_184' title='bbox 1276 1700 1317 1740; x_wconf 88' lang='lat' dir='ltr'><strong>et</strong></span> <span class='ocrx_word' id='word_1_185' title='bbox 1349 1697 1504 1740; x_wconf 89' lang='lat' dir='ltr'><strong>scelera</strong></span> <span class='ocrx_word' id='word_1_186' title='bbox 1531 1698 1666 1753; x_wconf 89' lang='lat' dir='ltr'><strong>capite</strong></span> <span class='ocrx_word' id='word_1_187' title='bbox 1689 1696 1786 1741; x_wconf 90' lang='lat' dir='ltr'><strong>luit.</strong></span> 
     </span>
     <span class='ocr_line' id='line_1_23' title="bbox 213 1767 1789 1825; baseline 0.001 -17"><span class='ocrx_word' id='word_1_188' title='bbox 213 1767 232 1808; x_wconf 93' lang='grc' dir='ltr'>Ι</span> <span class='ocrx_word' id='word_1_189' title='bbox 273 1782 382 1809; x_wconf 89' lang='lat' dir='ltr'><strong>nunc</strong></span> <span class='ocrx_word' id='word_1_190' title='bbox 420 1771 461 1810; x_wconf 90' lang='lat' dir='ltr'><strong>et</strong></span> <span class='ocrx_word' id='word_1_191' title='bbox 494 1768 633 1810; x_wconf 90' lang='lat' dir='ltr'><strong>deride</strong></span> <span class='ocrx_word' id='word_1_192' title='bbox 662 1768 770 1809; x_wconf 89' lang='lat' dir='ltr'><strong>mihi</strong></span> <span class='ocrx_word' id='word_1_193' title='bbox 802 1767 1059 1825; x_wconf 83' lang='lat' dir='ltr'><strong>legationem</strong></span> <span class='ocrx_word' id='word_1_194' title='bbox 1090 1783 1165 1811; x_wconf 90' lang='lat' dir='ltr'><strong>nec</strong></span> <span class='ocrx_word' id='word_1_195' title='bbox 1197 1771 1322 1824; x_wconf 91' lang='lat' dir='ltr'><strong>caput</strong></span> <span class='ocrx_word' id='word_1_196' title='bbox 1353 1782 1428 1810; x_wconf 90' lang='lat' dir='ltr'><strong>nec</strong></span> <span class='ocrx_word' id='word_1_197' title='bbox 1457 1768 1582 1824; x_wconf 91' lang='lat' dir='ltr'><strong>pedes</strong></span> <span class='ocrx_word' id='word_1_198' title='bbox 1613 1782 1688 1810; x_wconf 87' lang='lat' dir='ltr'><strong>nec</strong></span> <span class='ocrx_word' id='word_1_199' title='bbox 1721 1781 1789 1810; x_wconf 93' lang='lat' dir='ltr'><strong>cor</strong></span> 
     </span>
     <span class='ocr_line' id='line_1_24' title="bbox 213 1837 451 1879; baseline 0 0"><span class='ocrx_word' id='word_1_200' title='bbox 213 1837 451 1879; x_wconf 86' lang='lat' dir='ltr'><strong>habentem.</strong></span> 
     </span>
    </p>

    <p class='ocr_par' dir='ltr' id='par_1_4' title="bbox 212 1907 1790 2668">
     <span class='ocr_line' id='line_1_25' title="bbox 274 1907 1790 1965; baseline 0.001 -16"><span class='ocrx_word' id='word_1_201' title='bbox 274 1907 349 1949; x_wconf 86' lang='lat' dir='ltr'><strong>Est</strong></span> <span class='ocrx_word' id='word_1_202' title='bbox 390 1922 535 1964; x_wconf 90' lang='lat' dir='ltr'><strong>operae</strong></span> <span class='ocrx_word' id='word_1_203' title='bbox 575 1909 758 1964; x_wconf 88' lang='lat' dir='ltr'><strong>pretium</strong></span> <span class='ocrx_word' id='word_1_204' title='bbox 804 1910 849 1950; x_wconf 89' lang='lat' dir='ltr'><strong>in</strong></span> <span class='ocrx_word' id='word_1_205' title='bbox 894 1909 1052 1952; x_wconf 86' lang='lat' dir='ltr'><strong>talibus</strong></span> <span class='ocrx_word' id='word_1_206' title='bbox 1097 1909 1430 1952; x_wconf 85' lang='lat' dir='ltr'><strong>animadvertere</strong></span> <span class='ocrx_word' id='word_1_207' title='bbox 1471 1909 1573 1965; x_wconf 88' lang='lat' dir='ltr'><strong>quid</strong></span> <span class='ocrx_word' id='word_1_208' title='bbox 1614 1909 1790 1951; x_wconf 89' lang='lat' dir='ltr'><strong>historia</strong></span> 
     </span>
     <span class='ocr_line' id='line_1_26' title="bbox 214 1978 1788 2035; baseline -0.001 -13"><span class='ocrx_word' id='word_1_209' title='bbox 214 1979 392 2035; x_wconf 85' lang='lat' dir='ltr'><strong>Polybio</strong></span> <span class='ocrx_word' id='word_1_210' title='bbox 434 1981 487 2031; x_wconf 79' lang='grc' dir='ltr'><strong>τῷ</strong></span> <span class='ocrx_word' id='word_1_211' title='bbox 530 1981 756 2028; x_wconf 69' lang='grc' dir='ltr'><em>Φιλαληθεῖ</em></span> <span class='ocrx_word' id='word_1_212' title='bbox 793 1980 952 2022; x_wconf 89' lang='lat' dir='ltr'><strong>debeat.</strong></span> <span class='ocrx_word' id='word_1_213' title='bbox 1015 1980 1077 2022; x_wconf 91' lang='lat' dir='ltr'><strong>De</strong></span> <span class='ocrx_word' id='word_1_214' title='bbox 1119 1980 1293 2022; x_wconf 86' lang='lat' dir='ltr'><strong>Prusiae</strong></span> <span class='ocrx_word' id='word_1_215' title='bbox 1334 1981 1379 2021; x_wconf 90' lang='lat' dir='ltr'><strong>in</strong></span> <span class='ocrx_word' id='word_1_216' title='bbox 1420 1980 1570 2022; x_wconf 91' lang='lat' dir='ltr'><strong>urbem</strong></span> <span class='ocrx_word' id='word_1_217' title='bbox 1606 1978 1788 2021; x_wconf 86' lang='lat' dir='ltr'><strong>Romam</strong></span> 
     </span>
     <span class='ocr_line' id='line_1_27' title="bbox 213 2050 1788 2106; baseline 0 -15"><span class='ocrx_word' id='word_1_218' title='bbox 213 2050 395 2092; x_wconf 84' lang='lat' dir='ltr'><strong>adventu</strong></span> <span class='ocrx_word' id='word_1_219' title='bbox 437 2050 661 2106; x_wconf 81' lang='lat' dir='ltr'><strong>diligenter</strong></span> <span class='ocrx_word' id='word_1_220' title='bbox 701 2054 871 2106; x_wconf 81' lang='lat' dir='ltr'><strong>egerant</strong></span> <span class='ocrx_word' id='word_1_221' title='bbox 911 2051 1093 2093; x_wconf 88' lang='lat' dir='ltr'><strong>Romani</strong></span> <span class='ocrx_word' id='word_1_222' title='bbox 1134 2052 1371 2106; x_wconf 79' lang='lat' dir='ltr'><strong>scriptores,</strong></span> <span class='ocrx_word' id='word_1_223' title='bbox 1446 2050 1788 2093; x_wconf 84' lang='lat' dir='ltr'><strong>Memoraverant</strong></span> 
     </span>
     <span class='ocr_line' id='line_1_28' title="bbox 214 2120 1787 2176; baseline 0.001 -15"><span class='ocrx_word' id='word_1_224' title='bbox 214 2134 315 2175; x_wconf 90' lang='lat' dir='ltr'><strong>quos</strong></span> <span class='ocrx_word' id='word_1_225' title='bbox 356 2122 393 2162; x_wconf 90' lang='lat' dir='ltr'><strong>ei</strong></span> <span class='ocrx_word' id='word_1_226' title='bbox 434 2120 608 2162; x_wconf 83' lang='lat' dir='ltr'><strong>Senatus</strong></span> <span class='ocrx_word' id='word_1_227' title='bbox 649 2121 823 2172; x_wconf 87' lang='lat' dir='ltr'><strong>honores</strong></span> <span class='ocrx_word' id='word_1_228' title='bbox 864 2121 1080 2171; x_wconf 80' lang='lat' dir='ltr'><strong>habuerit3</strong></span> <span class='ocrx_word' id='word_1_229' title='bbox 1125 2125 1388 2176; x_wconf 83' lang='lat' dir='ltr'><strong>quaestorem</strong></span> <span class='ocrx_word' id='word_1_230' title='bbox 1426 2121 1574 2163; x_wconf 89' lang='lat' dir='ltr'><strong>datum</strong></span> <span class='ocrx_word' id='word_1_231' title='bbox 1606 2122 1679 2176; x_wconf 89' lang='lat' dir='ltr'><strong>qui</strong></span> <span class='ocrx_word' id='word_1_232' title='bbox 1711 2121 1787 2162; x_wconf 85' lang='lat' dir='ltr'><strong>cir-</strong></span> 
     </span>
     <span class='ocr_line' id='line_1_29' title="bbox 214 2190 1788 2242; baseline -0.001 -9"><span class='ocrx_word' id='word_1_233' title='bbox 214 2190 503 2238; x_wconf 87' lang='lat' dir='ltr'><strong>cumduceret;</strong></span> <span class='ocrx_word' id='word_1_234' title='bbox 550 2190 742 2241; x_wconf 62' lang='lat' dir='ltr'><strong>domum,</strong></span> <span class='ocrx_word' id='word_1_235' title='bbox 786 2190 919 2232; x_wconf 89' lang='lat' dir='ltr'><strong>lautia</strong></span> <span class='ocrx_word' id='word_1_236' title='bbox 961 2192 1075 2242; x_wconf 81' lang='lat' dir='ltr'><strong>data3</strong></span> <span class='ocrx_word' id='word_1_237' title='bbox 1125 2191 1242 2233; x_wconf 86' lang='lat' dir='ltr'><strong>datas</strong></span> <span class='ocrx_word' id='word_1_238' title='bbox 1283 2193 1462 2234; x_wconf 90' lang='lat' dir='ltr'><strong>maiores</strong></span> <span class='ocrx_word' id='word_1_239' title='bbox 1510 2191 1669 2233; x_wconf 87' lang='lat' dir='ltr'><strong>hostias</strong></span> <span class='ocrx_word' id='word_1_240' title='bbox 1715 2205 1788 2233; x_wconf 85' lang='lat' dir='ltr'><strong>seu</strong></span> 
     </span>
     <span class='ocr_line' id='line_1_30' title="bbox 212 2260 1788 2317; baseline 0.001 -15"><span class='ocrx_word' id='word_1_241' title='bbox 212 2261 371 2302; x_wconf 88' lang='lat' dir='ltr'><strong>Romae</strong></span> <span class='ocrx_word' id='word_1_242' title='bbox 417 2275 489 2302; x_wconf 90' lang='lat' dir='ltr'><strong>seu</strong></span> <span class='ocrx_word' id='word_1_243' title='bbox 535 2260 758 2302; x_wconf 85' lang='lat' dir='ltr'><strong>Praeneste</strong></span> <span class='ocrx_word' id='word_1_244' title='bbox 804 2261 1025 2304; x_wconf 88' lang='lat' dir='ltr'><strong>immolare</strong></span> <span class='ocrx_word' id='word_1_245' title='bbox 1072 2261 1224 2312; x_wconf 86' lang='lat' dir='ltr'><strong>vellet,</strong></span> <span class='ocrx_word' id='word_1_246' title='bbox 1274 2266 1516 2317; x_wconf 90' lang='lat' dir='ltr'><strong>caeteraque</strong></span> <span class='ocrx_word' id='word_1_247' title='bbox 1558 2262 1698 2303; x_wconf 90' lang='lat' dir='ltr'><strong>multa</strong></span> <span class='ocrx_word' id='word_1_248' title='bbox 1743 2262 1788 2303; x_wconf 89' lang='lat' dir='ltr'><strong>id</strong></span> 
     </span>
     <span class='ocr_line' id='line_1_31' title="bbox 213 2330 1789 2388; baseline 0 -15"><span class='ocrx_word' id='word_1_249' title='bbox 213 2345 357 2388; x_wconf 89' lang='lat' dir='ltr'><strong>genus.</strong></span> <span class='ocrx_word' id='word_1_250' title='bbox 424 2330 537 2382; x_wconf 77' lang='lat' dir='ltr'><strong>Quae</strong></span> <span class='ocrx_word' id='word_1_251' title='bbox 578 2344 708 2384; x_wconf 90' lang='lat' dir='ltr'><strong>quum</strong></span> <span class='ocrx_word' id='word_1_252' title='bbox 751 2336 978 2374; x_wconf 89' lang='lat' dir='ltr'><strong>enarrasset</strong></span> <span class='ocrx_word' id='word_1_253' title='bbox 1009 2333 1158 2375; x_wconf 85' lang='lat' dir='ltr'><strong>Livius</strong></span> <span class='ocrx_word' id='word_1_254' title='bbox 1189 2331 1320 2374; x_wconf 90' lang='lat' dir='ltr'>XLV.</span> <span class='ocrx_word' id='word_1_255' title='bbox 1357 2331 1425 2373; x_wconf 87' lang='lat'><strong>44.</strong></span> <span class='ocrx_word' id='word_1_256' title='bbox 1461 2332 1602 2374; x_wconf 90' lang='lat' dir='ltr'><strong>addit:</strong></span> <span class='ocrx_word' id='word_1_257' title='bbox 1641 2332 1789 2382; x_wconf 81' lang='lat' dir='ltr'><strong>„Haec</strong></span> 
     </span>
     <span class='ocr_line' id='line_1_32' title="bbox 213 2400 1787 2457; baseline 0 -14"><span class='ocrx_word' id='word_1_258' title='bbox 213 2404 260 2443; x_wconf 80' lang='lat' dir='ltr'><strong>de</strong></span> <span class='ocrx_word' id='word_1_259' title='bbox 301 2401 448 2443; x_wconf 69' lang='lat' dir='ltr'><strong>Prusia</strong></span> <span class='ocrx_word' id='word_1_260' title='bbox 486 2400 610 2441; x_wconf 73' lang='lat' dir='ltr'><strong>nostri</strong></span> <span class='ocrx_word' id='word_1_261' title='bbox 649 2401 866 2454; x_wconf 73' lang='lat' dir='ltr'><strong>scriptores.</strong></span> <span class='ocrx_word' id='word_1_262' title='bbox 930 2403 1116 2457; x_wconf 72' lang='lat' dir='ltr'><strong>Polybius</strong></span> <span class='ocrx_word' id='word_1_263' title='bbox 1157 2418 1241 2444; x_wconf 78' lang='lat' dir='ltr'><strong>eum</strong></span> <span class='ocrx_word' id='word_1_264' title='bbox 1278 2418 1401 2455; x_wconf 69' lang='lat' dir='ltr'><strong>reyem</strong></span> <span class='ocrx_word' id='word_1_265' title='bbox 1433 2403 1637 2455; x_wconf 70' lang='lat' dir='ltr'><strong>indiymcm</strong></span> <span class='ocrx_word' id='word_1_266' title='bbox 1670 2403 1787 2444; x_wconf 81' lang='lat' dir='ltr'><strong>maie-</strong></span> 
     </span>
     <span class='ocr_line' id='line_1_33' title="bbox 215 2471 1789 2528; baseline 0.001 -15"><span class='ocrx_word' id='word_1_267' title='bbox 215 2477 314 2514; x_wconf 82' lang='lat' dir='ltr'><strong>state</strong></span> <span class='ocrx_word' id='word_1_268' title='bbox 354 2471 521 2512; x_wconf 72' lang='lat' dir='ltr'><strong>nominis</strong></span> <span class='ocrx_word' id='word_1_269' title='bbox 563 2471 665 2511; x_wconf 74' lang='lat' dir='ltr'><strong>tanti</strong></span> <span class='ocrx_word' id='word_1_270' title='bbox 697 2471 822 2512; x_wconf 79' lang='lat' dir='ltr'><strong>tradit</strong></span> <span class='ocrx_word' id='word_1_271' title='bbox 853 2472 1048 2525; x_wconf 60' lang='lat' dir='ltr'><strong>pileatum</strong></span> <span class='ocrx_word' id='word_1_272' title='bbox 1089 2474 1217 2528; x_wconf 76' lang='lat' dir='ltr'><strong>eapite</strong></span> <span class='ocrx_word' id='word_1_273' title='bbox 1258 2489 1346 2515; x_wconf 72' lang='lat' dir='ltr'><strong>raso</strong></span> <span class='ocrx_word' id='word_1_274' title='bbox 1379 2474 1529 2515; x_wconf 81' lang='lat' dir='ltr'><strong>obviam</strong></span> <span class='ocrx_word' id='word_1_275' title='bbox 1558 2473 1618 2514; x_wconf 73' lang='lat' dir='ltr'><strong>ire</strong></span> <span class='ocrx_word' id='word_1_276' title='bbox 1650 2473 1789 2526; x_wconf 66' lang='lat' dir='ltr'><strong>beqatis</strong></span> 
     </span>
     <span class='ocr_line' id='line_1_34' title="bbox 215 2541 1789 2599; baseline 0.001 -15"><span class='ocrx_word' id='word_1_277' title='bbox 215 2543 371 2584; x_wconf 79' lang='lat' dir='ltr'><strong>sobitum</strong></span> <span class='ocrx_word' id='word_1_278' title='bbox 412 2541 663 2595; x_wconf 71' lang='lat' dir='ltr'><strong>libertumque</strong></span> <span class='ocrx_word' id='word_1_279' title='bbox 704 2555 743 2581; x_wconf 85' lang='lat' dir='ltr'><strong>se</strong></span> <span class='ocrx_word' id='word_1_280' title='bbox 771 2542 913 2596; x_wconf 66' lang='lat' dir='ltr'><strong>populi</strong></span> <span class='ocrx_word' id='word_1_281' title='bbox 945 2543 1114 2584; x_wconf 76' lang='lat' dir='ltr'><strong>Romani</strong></span> <span class='ocrx_word' id='word_1_282' title='bbox 1134 2545 1256 2599; x_wconf 76' lang='lat' dir='ltr'><strong>ferre</strong></span> <span class='ocrx_word' id='word_1_283' title='bbox 1287 2549 1322 2585; x_wconf 82' lang='lat' dir='ltr'><strong>et</strong></span> <span class='ocrx_word' id='word_1_284' title='bbox 1354 2544 1443 2585; x_wconf 84' lang='lat' dir='ltr'><strong>ideo</strong></span> <span class='ocrx_word' id='word_1_285' title='bbox 1475 2544 1651 2597; x_wconf 69' lang='lat' dir='ltr'><strong>insiqnia</strong></span> <span class='ocrx_word' id='word_1_286' title='bbox 1683 2544 1789 2585; x_wconf 79' lang='lat' dir='ltr'><strong>ordi-</strong></span> 
     </span>
     <span class='ocr_line' id='line_1_35' title="bbox 216 2611 1790 2668; baseline 0.001 -14"><span class='ocrx_word' id='word_1_287' title='bbox 216 2613 278 2654; x_wconf 74' lang='lat' dir='ltr'><strong>nis</strong></span> <span class='ocrx_word' id='word_1_288' title='bbox 320 2611 403 2653; x_wconf 78' lang='lat' dir='ltr'><strong>eius</strong></span> <span class='ocrx_word' id='word_1_289' title='bbox 439 2625 585 2663; x_wconf 68' lang='lat' dir='ltr'><strong>qerere.</strong></span> <span class='ocrx_word' id='word_1_290' title='bbox 655 2611 801 2652; x_wconf 79' lang='lat' dir='ltr'><strong>Romae</strong></span> <span class='ocrx_word' id='word_1_291' title='bbox 841 2627 988 2668; x_wconf 73' lang='lat' dir='ltr'><strong>quoque</strong></span> <span class='ocrx_word' id='word_1_292' title='bbox 1019 2629 1102 2655; x_wconf 71' lang='lat' dir='ltr'><strong>eum</strong></span> <span class='ocrx_word' id='word_1_293' title='bbox 1133 2615 1283 2656; x_wconf 78' lang='lat' dir='ltr'><strong>veniret</strong></span> <span class='ocrx_word' id='word_1_294' title='bbox 1314 2615 1358 2655; x_wconf 68' lang='lat' dir='ltr'><strong>in</strong></span> <span class='ocrx_word' id='word_1_295' title='bbox 1390 2615 1540 2656; x_wconf 78' lang='lat' dir='ltr'><strong>curiam</strong></span> <span class='ocrx_word' id='word_1_296' title='bbox 1570 2614 1790 2655; x_wconf 75' lang='lat' dir='ltr'><strong>submisisse</strong></span> 
     </span>
    </p>
   </div>
   <div class='ocr_carea' id='block_1_3' title="bbox 221 2726 440 2733">
    <p class='ocr_par' dir='ltr' id='par_1_5' title="bbox 221 2726 440 2733">
     <span class='ocr_line' id='line_1_36' title="bbox 221 2726 440 2733; baseline 0 565"><span class='ocrx_word' id='word_1_297' title='bbox 221 2726 440 2733; x_wconf 95' lang='lat' dir='ltr'><strong> </strong></span> 
     </span>
    </p>
   </div>
   <div class='ocr_carea' id='block_1_4' title="bbox 219 2789 1789 2946">
    <p class='ocr_par' dir='ltr' id='par_1_6' title="bbox 219 2789 1789 2946">
     <span class='ocr_line' id='line_1_37' title="bbox 268 2789 1789 2841; baseline 0.005 -16"><span class='ocrx_word' id='word_1_298' title='bbox 268 2793 300 2836; x_wconf 85' lang='grc'><strong>1)</strong></span> <span class='ocrx_word' id='word_1_299' title='bbox 328 2795 436 2833; x_wconf 80' lang='lat' dir='ltr'><strong>Inepte</strong></span> <span class='ocrx_word' id='word_1_300' title='bbox 457 2792 559 2822; x_wconf 82' lang='lat' dir='ltr'><strong>editur</strong></span> <span class='ocrx_word' id='word_1_301' title='bbox 582 2789 850 2830; x_wconf 63' lang='grc' dir='ltr'><em>Σαρδαναπάλλου</em></span> <span class='ocrx_word' id='word_1_302' title='bbox 877 2792 1032 2833; x_wconf 67' lang='grc' dir='ltr'><em>βάρβαρον</em></span> <span class='ocrx_word' id='word_1_303' title='bbox 1057 2795 1133 2834; x_wconf 76' lang='grc' dir='ltr'><em>βίον.</em></span> <span class='ocrx_word' id='word_1_304' title='bbox 1183 2798 1257 2828; x_wconf 87' lang='lat' dir='ltr'><strong>Non</strong></span> <span class='ocrx_word' id='word_1_305' title='bbox 1284 2797 1488 2829; x_wconf 83' lang='lat' dir='ltr'><strong>barbarorum</strong></span> <span class='ocrx_word' id='word_1_306' title='bbox 1511 2799 1610 2841; x_wconf 81' lang='lat' dir='ltr'><strong>magis</strong></span> <span class='ocrx_word' id='word_1_307' title='bbox 1629 2802 1696 2832; x_wconf 87' lang='lat' dir='ltr'><strong>erat</strong></span> <span class='ocrx_word' id='word_1_308' title='bbox 1714 2801 1789 2832; x_wconf 84' lang='lat' dir='ltr'><strong>haec</strong></span> 
     </span>
     <span class='ocr_line' id='line_1_38' title="bbox 219 2847 1652 2893; baseline 0.004 -13"><span class='ocrx_word' id='word_1_309' title='bbox 219 2850 366 2880; x_wconf 74' lang='lat' dir='ltr'><strong>effrenata</strong></span> <span class='ocrx_word' id='word_1_310' title='bbox 388 2847 528 2883; x_wconf 84' lang='lat' dir='ltr'><strong>luxuria,</strong></span> <span class='ocrx_word' id='word_1_311' title='bbox 554 2857 645 2887; x_wconf 85' lang='lat' dir='ltr'><strong>quam</strong></span> <span class='ocrx_word' id='word_1_312' title='bbox 669 2847 858 2878; x_wconf 83' lang='lat' dir='ltr'><strong>Graecorum</strong></span> <span class='ocrx_word' id='word_1_313' title='bbox 882 2850 911 2878; x_wconf 81' lang='lat' dir='ltr'><strong>et</strong></span> <span class='ocrx_word' id='word_1_314' title='bbox 937 2847 1051 2891; x_wconf 85' lang='lat' dir='ltr'><strong>(quum</strong></span> <span class='ocrx_word' id='word_1_315' title='bbox 1075 2850 1149 2882; x_wconf 85' lang='lat' dir='ltr'><strong>haec</strong></span> <span class='ocrx_word' id='word_1_316' title='bbox 1172 2852 1400 2893; x_wconf 76' lang='lat' dir='ltr'><strong>scriberentur)</strong></span> <span class='ocrx_word' id='word_1_317' title='bbox 1427 2853 1652 2886; x_wconf 83' lang='lat' dir='ltr'><strong>Romanorum.</strong></span> 
     </span>
     <span class='ocr_line' id='line_1_39' title="bbox 264 2901 1131 2946; baseline 0.001 -11"><span class='ocrx_word' id='word_1_318' title='bbox 264 2904 298 2946; x_wconf 75' lang='lat'><strong>2)</strong></span> <span class='ocrx_word' id='word_1_319' title='bbox 324 2902 484 2944; x_wconf 82' lang='lat' dir='ltr'><strong>Appianus</strong></span> <span class='ocrx_word' id='word_1_320' title='bbox 507 2901 540 2932; x_wconf 88' lang='lat' dir='ltr'><strong>in</strong></span> <span class='ocrx_word' id='word_1_321' title='bbox 565 2901 711 2933; x_wconf 66' lang='lat' dir='ltr'><strong>Mithrid.</strong></span> <span class='ocrx_word' id='word_1_322' title='bbox 737 2912 802 2943; x_wconf 85' lang='lat' dir='ltr'><strong>cap.</strong></span> <span class='ocrx_word' id='word_1_323' title='bbox 827 2903 910 2935; x_wconf 91' lang='lat' dir='ltr'><strong>VII.</strong></span> <span class='ocrx_word' id='word_1_324' title='bbox 934 2913 969 2934; x_wconf 79' lang='lat' dir='ltr'><strong>cx</strong></span> <span class='ocrx_word' id='word_1_325' title='bbox 995 2904 1131 2945; x_wconf 77' lang='lat' dir='ltr'><strong>Polybio.</strong></span> 
     </span>
    </p>
   </div>
  </div>
 </body>
</html>
