1946 3298
919 149 1004 197 444

163 286 243 337 χθη
279 310 333 316 -
366 282 482 325 ἄλλα
524 299 570 325 τε
614 281 767 324 δώδεκα
806 280 1126 333 πρεσδιατρίψας
1167 279 1235 327 ἔτη
1270 280 1325 326 εἷς
1358 279 1500 330 Σάμον
1535 279 1736 332 ὑπέςρεψε

166 355 252 407 περὶ
287 351 400 397 ἕκτον
432 370 506 396 που
540 353 607 394 καὶ
641 353 882 400 πεντηκοςὸν
916 351 1000 397 ἔτος
1036 352 1105 399 ἤδη
1140 351 1332 401 γεγονώς.
1398 349 1440 392 Si
1475 365 1498 392 a
1529 349 1737 407 Cambyse

165 429 310 481 captus
357 429 419 467 est
468 425 588 480 (anno
639 421 780 477 525),
828 423 1057 464 necessario
1105 422 1292 476 sequitur
1338 422 1502 462 venisse
1548 435 1642 463 eum
1692 424 1738 463 in

163 498 411 552 Aegyptum
444 508 549 537 anno
585 492 668 536 547
697 497 738 535 01
764 493 934 534 rediisse
961 491 1136 533 Samum
1165 504 1270 532 anno
1300 489 1383 531 513
1409 495 1450 531 et
1474 495 1623 532 natum
1650 506 1737 534 esse

164 579 270 608 anno
302 565 401 607 569.
457 564 568 606 Tum
599 567 693 619 post
722 576 803 604 non
835 563 1006 604 brevem
1038 574 1200 602 moram
1232 565 1301 608 τῆς
1336 560 1534 606 Ἑλλάδος
1569 561 1736 610 ἁπάσης

163 635 386 688 θαυμάζειν
419 634 540 676 αὐτὸν
574 632 882 685 προαιρουμένης
915 631 982 673 καὶ
1017 635 1092 672 τῶν
1127 632 1270 681 άρίςων
1304 631 1372 671 καὶ
1403 634 1478 671 τῶν
1506 635 1738 684 φιλοσοφω-

162 706 296 748 τάτων
339 705 394 752 εἷς
437 706 508 751 την
553 704 694 752 Σάμον
739 703 785 745 δι’
824 703 967 743 ἐκεῖνον
1002 701 1344 752 παραγεγονότων
1379 701 1446 741 καὶ
1482 700 1735 751 βουλομένων

163 780 354 818 κοινωνεῖν
396 779 467 821 τῆς
509 774 606 826 παρ’
651 773 782 825 ἐκείνῳ
826 772 1013 819 παιδείας
1047 772 1069 826 ξ
1101 770 1171 813 28.
1215 770 1387 812 tandem
1425 770 1571 813 relicta
1602 774 1738 827 patria

161 848 205 888 in
236 846 406 888 Italiam
438 845 556 886 abiit.

222 916 333 958 Audi
377 918 418 957 et
459 913 633 969 reliqua.
697 913 956 954 Iamblichus
998 914 1042 954 in
1083 913 1105 967 ξ
1137 910 1237 953 265.
1282 914 1425 954 3110101·
1469 915 1531 953 051
1571 912 1736 955 50110130

161 987 388 1043 praefuisse
421 985 542 1027 αὐτὸν
573 985 640 1026 τὸν
673 984 915 1035 Πυθαγόραν
949 983 1029 1029 ἑνὸς
1064 982 1213 1029 δέοντος
1244 981 1312 1030 ἔτη
1342 981 1650 1033 τεσσαράκοντα
1679 983 1735 1024 τοὶ

162 1057 303 1099 πάντα
344 1057 556 1107 βιώσαντα
598 1054 667 1102 ἔτη
712 1054 842 1104 ἐγγὺς
887 1058 962 1094 τῶν
1008 1053 1161 1095 ἑκατόν.
1193 1052 1340 1094 :Satis
1384 1053 1484 1094 haec
1519 1067 1616 1094 cum
1647 1052 1735 1095 illis

161 1130 418 1184 congruunt3
462 1139 560 1167 nam
599 1127 634 1166 si
673 1124 768 1166 LVI
810 1138 1014 1166 annorum
1054 1125 1099 1165 in
1131 1124 1313 1178 patriam
1345 1137 1536 1165 reversus
1570 1124 1631 1164 ibi
1662 1138 1735 1179 per

160 1211 287 1240 annos
327 1195 527 1252 pauculos
571 1196 791 1250 (ponamus
833 1193 1078 1249 triennium)
1120 1195 1327 1249 principes
1361 1194 1559 1248 quosdam
1593 1194 1735 1236 docuit

160 1272 200 1310 01
228 1266 414 1310 scholam
439 1268 480 1308 in
510 1264 635 1307 Italia
659 1279 731 1320 per
758 1278 884 1307 annos
913 1264 1103 1306 XXXIX
1130 1265 1262 1318 rexit,
1291 1268 1379 1305 erat
1406 1266 1588 1306 moriens
1611 1278 1734 1305 anno-

158 1352 254 1380 rum
298 1339 462 1380 circiter
502 1334 680 1378 XCVIII
715 1362 767 1367 -
801 1333 954 1377 XCIX.
1018 1334 1100 1376 Sed
1141 1334 1237 1377 vide
1278 1334 1387 1376 mihi
1420 1339 1598 1388 quantae
1630 1334 1734 1376 diffi-

159 1407 336 1450 011113105
368 1411 409 1449 01
441 1407 610 1449 άτοπίαι
645 1421 695 1448 ex
725 1407 802 1448 hac
834 1408 994 1447 ratione
1021 1408 1257 1447 nascantur.

219 1477 391 1521 Constat.
421 1480 531 1520 inter
562 1490 705 1519 omnes
736 1477 1028 1533 Pythagoram
1061 1490 1185 1518 exse
1217 1478 1365 1518 natum
1390 1489 1569 1531 puerum
1595 1477 1733 1531 impu-

156 1549 298 1591 berem
342 1548 557 1605 Telaugen
599 1547 817 1603 reliquisse
859 1551 900 1589 01
940 1561 1114 1589 uxorem
1157 1546 1347 1596 Theano,
1383 1560 1511 1601 quam
1542 1548 1732 1588 Aristaeo

157 1620 382 1662 successori
421 1623 602 1674 nuptum
647 1618 785 1667 dedit,
830 1619 898 1659 cui
939 1615 1067 1659 0113111
1108 1616 1289 1659 filiolum
1321 1616 1585 1658 educandum
1621 1630 1732 1658 com-

154 1691 286 1732 misit.
349 1688 607 1731 Iamblichus
639 1689 661 1743 ξ
693 1687 792 1730 265.
828 1688 1015 1741 διάδοχος
1048 1688 1282 1738 Πυθαγόρου
1319 1687 1488 1738 γέγονεν
1528 1688 1729 1739 Ἀριςαῖος

157 1763 439 1811 Δαμοφῶντος
482 1759 756 1811 Κροτωνιάτης
800 1758 892 1800 κατ’
936 1758 1056 1800 αὐτὸν
1088 1758 1154 1799 τὸν
1185 1758 1429 1809 Πυθαγόραν
1461 1763 1541 1804 τοῖς
1576 1758 1730 1810 χρόνοις

153 1831 364 1881 γενόμενος
411 1831 518 1872 ἑπτα
558 1834 720 1880 γενεαῖς
760 1828 926 1878 μάλιςα
960 1829 1031 1881 πρὸ
1065 1828 1298 1875 Πλάτωνος.
1333 1828 1399 1869 καὶ
1433 1829 1475 1869 οὐ
1511 1827 1626 1878 μόνον
1658 1834 1729 1876 τῆς

153 1907 308 1952 σχολῆς
351 1901 468 1942 άλλα
506 1900 574 1941 καὶ
608 1904 680 1948 τῆς
712 1905 1143 1942 ΠΑΙΔΟΤΡΟΦΙΑΟ
1176 1899 1243 1941 καὶ
1277 1902 1346 1940 τοῦ
1382 1902 1556 1945 Θεανοῦς
1590 1898 1728 1949 γάμου

152 1970 392 2020 κατηξιώθη.
454 1970 516 2013 De
550 1970 735 2027 Telauge
769 1969 1027 2012 Iamblichus
1069 1970 1092 2024 ξ
1127 1968 1222 2010 146.
1259 1968 1402 2021 κομιδῇ
1437 1969 1515 2015 νέος
1552 1969 1627 2010 ὑπὸ
1661 1969 1727 2010 τὸν

152 2042 387 2093 Πυθαγόρου
421 2041 592 2083 θάνατον
625 2040 976 2090 ἀπολελειμμένος
1011 2039 1054 2089 ἦν
1087 2040 1199 2092 παρα
1235 2045 1385 2081 Θεανοῖ
1414 2046 1464 2092 τῇ
1498 2039 1634 2091 μητρί.

211 2110 461 2169 Congruunt
493 2125 590 2153 cum
622 2111 737 2154 hisce
770 2125 875 2166 quae
902 2111 1171 2166 praecedunt:
1201 2110 1434 2167 Telaugem
1462 2111 1612 2152 sororis
1629 2124 1726 2152 suae

153 2187 323 2233 Δαμοῦς
356 2182 488 2225 filiam
521 2181 698 2230 Βιτάλην
731 2184 775 2223 111
804 2183 1074 2224 matrimonio
1106 2181 1324 2223 habuisse:
1360 2181 1402 2221 ἐκ
1435 2184 1511 2221 τῶν
1546 2181 1724 2230 ὑπομνη-

151 2254 292 2304 μάτων
337 2258 410 2295 τῶν
455 2258 598 2303 Δαμοῖ
636 2259 686 2305 τῇ
730 2253 927 2302 θυγατρὶ,
974 2252 1138 2303 ἀδελφῇ
1173 2251 1212 2292 δὲ
1244 2250 1521 2306 Τηλαύγους,
1555 2252 1724 2292 άπολει-

150 2324 326 2376 φθέντων
373 2325 439 2365 ὑπ’
481 2325 604 2365 αὐτοῦ
647 2326 717 2364 τοῦ
762 2321 1012 2374 Πυθαγόρου,
1061 2321 1164 2374 οἵπερ
1204 2321 1316 2371 μετα
1354 2321 1523 2362 θάνατον
1556 2322 1723 2373 ἱςοροῦσι

150 2393 305 2442 δοθῆναι
348 2393 503 2446 Βιτάλη
544 2410 589 2435 τε
635 2393 709 2450 (sic
739 2393 804 2448 F.)
837 2400 887 2445 τῇ
923 2396 1093 2443 Δαμοῦς
1129 2392 1297 2443 θυγατρὶ
1332 2392 1399 2433 καὶ
1434 2391 1650 2443 Τηλαύγει
1684 2392 1723 2433 ἕν

151 2464 288 2518 ἡλικία
328 2465 527 2517 γενομένῳ
561 2464 627 2516 υἱῷ
661 2464 734 2514 μὲν
770 2464 1004 2516 Πυθαγόρου
1038 2463 1144 2515 άνδρὶ
1182 2463 1220 2504 δὲ
1255 2467 1327 2510 τῆς
1360 2461 1551 2510 Βιτάλης.
1611 2461 1723 2504 Iam-

148 2533 276 2576 blich.
310 2535 332 2588 §
369 2534 467 2577 146.
780 2578 782 2580 .

206 2604 318 2661 Ergo
349 2604 614 2660 Pythagoras
649 2611 677 2646 C
710 2604 1014 2660 propemodum
1047 2618 1173 2646 3111105
1207 2607 1331 2646 1131115
1364 2607 1404 2646 01
1433 2602 1570 2646 filium
1601 2606 1722 2659 impu-

149 2677 269 2716 berem
310 2673 482 2728 reliquit
524 2677 564 2715 et
606 2688 780 2716 uxorem
822 2679 1005 2730 nuptum
1050 2675 1164 2716 dedit
1208 2676 1398 2716 Aristaeo
1431 2675 1590 2729 aequali
1622 2688 1718 2724 suo,

147 2760 227 2801 quo
261 2745 361 2800 quid
404 2743 652 2786 absurdius?
702 2744 803 2794 Quis
836 2746 878 2784 in
912 2746 1103 2785 animum
1134 2745 1329 2785 inducere
1364 2748 1499 2798 potest
1533 2748 1606 2785 3111
1638 2744 1722 2800 Py-

145 2816 366 2872 thagoram
401 2815 701 2868 nonaqenarimn
731 2814 955 2855 secundam
982 2828 1156 2856 uxorem
1186 2815 1352 2856 duxisse
1384 2814 1580 2869 (habebat
1605 2816 1719 2856 enim

145 2885 298 2931 liberos
331 2885 586 2941 complures:
621 2884 919 2927 Mnesarchum
953 2898 1029 2927 avo
1057 2886 1370 2940 cognominem,
1406 2885 1547 2939 itaque
1570 2884 1719 2938 primo-
