1946 3298
876 161 958 205 461

134 288 325 332 homines
359 289 644 332 diversissima
682 289 929 331 sentiebant.
976 288 1107 331 Erant
1139 291 1251 333 enim
1284 293 1355 348 qui
1386 292 1602 348 Lrsnmm,
1635 290 1708 349 qui

136 359 417 410 PHILOLAUM,
463 361 536 415 qui
572 359 884 410 EPIGHARMUM,
929 361 1002 414 qui
1032 359 1323 404 EMPEDOOLEM
1352 362 1479 404 huius
1512 366 1708 407 carminis

136 432 348 472 auctorem
378 430 561 472 facerent
596 430 776 485 <Fabric.
810 430 855 471 in
879 430 1073 472 Biblioth.
1107 431 1258 472 Graeca
1286 431 1444 474 Tom.I
1469 446 1566 490 pag.
1586 434 1706 492 469.)

135 499 297 555 Nempe
339 500 492 542 eruditi
536 500 603 542 illi
634 500 828 543 homines
860 514 943 543 non
974 501 1291 557 distinguebant
1323 501 1505 545 Graecae
1537 503 1730 560 linguae

137 572 315 620 aetates,
357 573 398 613 et
441 571 550 626 quod
583 585 606 613 a
639 568 857 613 Graeculis
899 570 1064 613 sordido
1096 574 1137 613 et
1169 571 1331 627 plebeio
1373 586 1562 615 sermone
1602 578 1708 617 esset

137 644 384 696 conceptum
416 655 439 683 a
470 655 626 698 magno
669 644 791 696 poeta
830 642 1000 696 antiquo
1034 641 1160 683 scribi
1190 644 1375 697 potuisse
1408 645 1707 699 opinabantur,

138 713 179 752 et
219 724 306 753 esse
349 711 509 767 aliquid
550 713 659 753 inter
690 711 856 753 misella
886 713 1024 763 χρυσοῖ
1059 710 1163 761 ἔπη,
1207 712 1347 767 qualia
1377 728 1488 756 nunc
1519 715 1710 757 feruntur

137 783 179 822 et
209 781 621 837 grandiloquentiam
653 781 978 837 Empedocleam
1006 796 1056 824 ne
1086 784 1407 837 suspicabantur
1433 780 1618 840 quidem.
1652 785 1710 826 Ut

135 854 256 894 natae
299 855 397 893 sunt
441 852 483 893 αἱ
527 851 657 904 κύριαι
704 851 814 902 δόξαι
859 852 1031 908 Epicuri
1072 866 1096 894 a
1138 855 1276 896 nescio
1318 868 1399 909 quo
1442 870 1491 897 ex
1538 856 1711 911 Epicuri

135 921 255 963 libris
302 925 540 978 excerptae,
599 926 647 964 ut
704 922 975 978 Hippocratis
1023 921 1287 975 Ἀφορισμοί,
1345 928 1394 965 ut
1441 924 1711 982 Theognidea

135 991 325 1049 farrago,
371 996 420 1035 ut
467 993 523 1034 ταὶ
573 992 875 1045 Ἀνακρεόντειαι
917 993 961 1034 in
1002 993 1239 1046 Antkoloyia
1288 994 1501 1045 Palatina,
1551 997 1610 1038 sic
1652 996 1709 1038 τὰ

136 1065 274 1115 χρυσοῖ
334 1061 409 1111 ἔπη
466 1065 604 1106 nescio
652 1065 745 1119 quis
789 1064 997 1105 incertum
1047 1077 1128 1119 quo
1176 1067 1360 1119 tempore
1408 1068 1710 1110 consarcinavit

137 1147 187 1174 ex
229 1134 308 1184 iis,
359 1148 464 1190 quae
511 1134 780 1191 Pythagorae
827 1137 900 1176 aut
943 1134 1310 1191 Pythagoreorum
1360 1139 1433 1177 aut
1480 1141 1595 1178 erant
1637 1141 1710 1180 aut

137 1218 224 1246 esse
266 1204 536 1260 putabantur.
598 1204 782 1261 Farrago
815 1207 876 1246 est
907 1204 1120 1246 incondita
1151 1220 1349 1248 versuum
1382 1206 1569 1249 diversae
1601 1211 1710 1250 aeta-

138 1276 193 1317 tis
226 1278 267 1317 et
299 1275 447 1317 coloris
481 1278 521 1316 et
553 1275 642 1316 stili
675 1277 717 1316 in
750 1274 843 1317 aliis
880 1275 1067 1325 brevior,
1113 1277 1356 1321 auctiorvin
1398 1276 1503 1318 aliis.
1567 1278 1710 1320 Multa

138 1347 182 1387 in
231 1347 403 1401 antiqua
452 1346 605 1401 Sylloye
650 1345 922 1403 legebantur,
978 1360 1082 1401 quae
1128 1360 1238 1387 nunc
1285 1347 1372 1388 sine
1419 1349 1600 1404 vestigio
1641 1362 1711 1404 pe-

136 1417 319 1471 rierunt3
363 1415 502 1457 multa
545 1419 686 1458 contra
725 1419 983 1458 accesserunt
1014 1430 1122 1458 nova
1155 1420 1195 1458 et
1237 1416 1457 1459 Veteribus
1495 1419 1709 1472 inaudita,

136 1499 217 1527 non
262 1487 404 1528 minus
451 1500 475 1528 a
518 1487 723 1528 sententia
764 1485 965 1528 Veterum
1008 1500 1132 1541 quam
1181 1500 1204 1528 a
1252 1501 1440 1529 sermone
1490 1488 1709 1531 abhorren-

137 1560 210 1600 tia.
257 1558 312 1600 Et
343 1558 401 1599 sic
434 1557 603 1599 tandem
645 1556 792 1599 relicta
823 1560 885 1599 est
917 1556 992 1598 illa
1023 1557 1210 1614 farrago,
1245 1571 1371 1612 quam
1403 1558 1628 1609 habemus,
1666 1561 1711 1601 in

135 1642 216 1684 qua
261 1629 350 1670 sine
400 1627 541 1669 lucido
594 1627 759 1674 ordine,
809 1628 898 1669 sine
949 1628 1053 1669 serie
1109 1628 1220 1668 iusta
1275 1628 1501 1669 decurrunt
1543 1631 1708 1673 omnia:

134 1698 257 1741 modo
289 1697 432 1739 eadem
465 1700 734 1752 repetuntur,
776 1697 901 1739 modo
933 1698 1163 1739 necessaria
1196 1697 1506 1747 desiderantur,
1541 1702 1589 1740 ut
1621 1714 1710 1754 per-

133 1770 292 1811 mirum
325 1770 379 1810 sit
411 1781 491 1823 quo
523 1770 644 1823 pacto
670 1767 772 1810 haec
800 1772 841 1809 et
867 1768 972 1810 olim
1002 1770 1043 1809 et
1069 1782 1180 1810 nunc
1209 1768 1480 1810 admiratores
1498 1771 1711 1824 potuerint

132 1840 332 1883 invenire.

195 1909 318 1953 Iuvat
348 1912 537 1965 primum
569 1909 695 1951 huius
729 1910 925 1951 carminis
963 1910 1140 1966 vestigia
1173 1909 1283 1964 apud
1313 1911 1568 1964 antiquiores
1596 1911 1711 1953 inda-

137 1995 236 2038 gare
277 1980 479 2038 neglectis
522 1980 835 2035 Neoplatonicis
878 1983 918 2022 et
962 1979 1235 2029 Christianis,
1279 1981 1351 2034 qui
1394 1980 1503 2022 nihil
1535 1981 1711 2022 afferunt

138 2051 247 2106 quod
278 2053 333 2093 sit
365 2054 406 2093 et
437 2064 596 2093 novum
630 2053 671 2092 et
702 2064 864 2093 verum.

196 2191 342 2233 Prima
388 2193 595 2233 memoria
641 2191 792 2233 horum
839 2193 1153 2246 praeceptorum
1206 2192 1369 2232 servata
1418 2192 1480 2231 est
1528 2191 1571 2231 in
1618 2190 1709 2232 loco

136 2262 367 2307 szrsirpr
413 2260 498 2312 περὶ
543 2261 724 2312 προνοίαις
771 2261 859 2316 (qui
900 2262 1010 2302 vixit
1043 2261 1094 2302 ab
1127 2275 1232 2302 anno
1266 2259 1502 2303 280—20‘7
1537 2274 1560 2302 a
1592 2259 1709 2312 Chr.)

136 2333 246 2388 apud
280 2330 470 2375 Gellium
504 2331 595 2373 VII.
635 2331 675 2374 2.
710 2331 764 2373 διὸ
795 2331 863 2373 καὶ
899 2331 973 2373 ὑπὸ
1006 2335 1082 2372 τῶν
1113 2332 1392 2382 Πυθαγορείων
1425 2330 1601 2383 εἴρηται·

314 2404 448 2456 γνώσῃ
482 2404 514 2445 δ’
550 2402 772 2454 ἀνθρώπους
807 2402 1030 2454 αὐθαίρετα
1063 2403 1225 2452 πήματ’
1260 2399 1448 2452 ἔχοντας.

135 2473 208 2528 qui
252 2487 398 2515 versus
439 2473 599 2530 legitur
641 2475 684 2514 in
725 2476 858 2514 Aureo
893 2472 1071 2513 Carmine
1105 2470 1172 2513 54.
1238 2472 1341 2513 Post
1373 2471 1552 2529 longum
1584 2473 1712 2514 inter-

134 2543 297 2587 vallum
340 2544 545 2586 secundus
589 2548 651 2586 est
695 2544 981 2585 PLUTARoHus
1025 2544 1072 2584 de
1113 2542 1396 2596 Super-stitione
1436 2557 1533 2600 pag.
1576 2543 1659 2585 168
1677 2559 1707 2585 o.

135 2618 253 2656 νοσῶν
286 2614 302 2655 ὁ
338 2613 449 2661 ἄθεος
486 2639 540 2645 -
575 2616 646 2663 τὴν
690 2615 827 2656 αἰτίαν
861 2613 905 2663 ἐξ
938 2614 1063 2655 αὑτοῦ
1098 2613 1165 2655 καὶ
1199 2617 1275 2654 τῶν
1314 2613 1403 2664 περὶ
1450 2613 1570 2655 αὑτὸν
1612 2616 1708 2655 ἀνοι-

136 2690 290 2726 σκοπεῖ.

286 2760 341 2808 πῇ
377 2753 584 2806 παρέβην;
620 2754 661 2796 τί
694 2754 726 2796 δ’
762 2753 902 2807 ἕρεξοι;
938 2754 980 2797 τί
1009 2770 1075 2804 μοι
1111 2753 1192 2795 δέον
1227 2755 1296 2795 οὐκ
1329 2753 1543 2805 ἐτελέσθη;

139 2823 197 2880 (in
227 2824 278 2866 A.
312 2823 358 2866 O.
401 2839 463 2868 vs.
499 2824 590 2881 42.)
636 2829 676 2867 et
717 2826 765 2867 de
813 2824 1054 2868 Curiosz'tate
1095 2838 1193 2881 pag.
1229 2824 1314 2866 515
1331 2825 1380 2879 f.
1425 2824 1569 2869 ἓκοέςσυ
1612 2825 1706 2877 πρὸς

136 2894 275 2937 ἑαυτὸν
308 2893 520 2946 λέγοντος·
