1946 3298
906 151 990 193 566

155 284 297 319 necate.
367 277 541 318 Cornelia
580 279 679 317 enim
719 279 867 316 iuvenis
907 282 963 317 est
1000 282 1037 316 et
1068 290 1210 328 parere
1250 278 1372 317 adhue
1414 274 1583 329 potest.”
1647 272 1732 317 Mi-

156 361 225 390 ror
265 361 345 402 quo
374 350 495 403 pacto
528 345 721 389 Cornelia
759 350 973 387 adolescens
1014 345 1090 400 (ἔτι
1134 344 1219 402 νέα)
1265 349 1306 387 et
1347 350 1496 388 inmanis
1539 346 1621 387 dici
1662 358 1735 400 po-

158 419 302 459 tuerit.
381 418 538 472 Nupsit
595 430 701 458 anno
760 415 844 457 185
899 420 940 458 et
987 418 1031 457 in
1078 430 1124 457 eo
1172 418 1441 459 matrimonio
1487 431 1560 472 per
1608 430 1735 458 annos

158 488 371 532 XXXVII
403 489 560 530 mansit
591 489 743 529 marito
777 489 884 529 circa
917 501 1074 528 annum
1110 486 1194 528 148
1225 491 1418 534 mortuo,
1448 489 1521 542 qui
1545 489 1736 527 duodecim

158 574 209 601 ex
241 573 289 601 ea
320 559 474 601 liberos
507 561 764 613 susceperat,
799 562 904 600 teste
940 558 1162 599 Plutarcho
1195 559 1239 599 in
1271 561 1422 598 Tiberio
1451 558 1489 599 l.
1522 557 1590 598 18.
1619 557 1737 598 addit

157 630 324 672 Plinius
370 630 426 671 H.
460 630 514 671 N.
558 629 649 671 VII.
700 629 769 671 11.
815 632 914 679 „alii
949 632 1120 683 aliaeque
1150 629 1351 683 foeminas
1383 635 1532 669 tantum
1553 634 1738 682 qenerant

159 706 226 742 aut
268 716 415 743 mares:
449 703 677 755 plerwmque
715 707 753 740 et
794 703 992 740 alternant
1033 702 1151 740 sicum·
1198 700 1454 740 Gracchorum
1485 706 1606 740 mater
1635 710 1738 740 DUO-

161 771 349 813 DEGIES.''
411 770 551 827 Magis
595 772 724 812 etiam
757 770 953 812 mirabile
987 775 1047 812 est
1080 770 1189 825 quod
1222 769 1471 812 Plutarchus
1502 769 1665 811 addidit
1700 771 1734 810 1.

163 841 234 884 23.
289 842 465 882 Cornelia
487 848 582 894 post
612 844 745 881 mariti
775 848 931 882 mortem
958 841 1218 891 Πτολεμαίου
1253 843 1321 882 τοῦ
1354 840 1560 891 βασιλέως
1595 855 1738 881 κοινου-

160 912 279 963 μένου
324 912 369 953 ‘rb
412 909 593 961 διάδημα
631 911 699 953 καὶ
745 911 949 961 μνωμένου
983 912 1050 954 τὸν
1084 911 1222 962 γάμον
1255 912 1383 959 αὐτῆς
1418 911 1626 962 ἠρνήσατο.
1690 909 1737 952 Si

158 997 258 1026 vera
289 983 404 1024 fama
436 986 518 1027 est.
555 981 706 1023 ambiit
739 980 956 1024 Corneliae
987 984 1157 1037 nuptias
1189 981 1460 1024 Ptolemaeus
1494 983 1509 1024 ὂ
1542 980 1735 1036 ἕβδομος,

162 1054 179 1094 ὁ
225 1053 414 1102 Φύσκων,
459 1053 476 1093 ὂ
515 1052 799 1103 Κακεργέτης,
836 1067 961 1107 quem
994 1057 1155 1095 constat
1188 1067 1293 1095 anno
1331 1052 1413 1094 146
1447 1054 1613 1095 biennio
1645 1058 1739 1108 post

161 1123 226 1165 Ti.
275 1122 515 1178 Sempronii
561 1128 742 1165 mortem
788 1137 968 1179 regnum
1012 1125 1200 1180 Aegypti
1247 1124 1445 1179 adeptum
1492 1138 1592 1166 esse.
1657 1123 1739 1166 Sed

162 1196 255 1249 quis
299 1208 423 1236 sanus
466 1194 607 1236 credat
651 1193 742 1235 fieri
781 1195 967 1249 potuisse
998 1198 1047 1235 ut
1080 1195 1095 1235 ὁ
1131 1194 1297 1236 Φύσκων
1329 1196 1538 1236 incertum
1571 1208 1740 1250 corpore

162 1279 214 1308 an
242 1267 383 1307 animo
410 1265 658 1318 deformior,
686 1268 928 1319 portentum
961 1265 1146 1306 hominis
1172 1264 1290 1306 nulla
1318 1266 1478 1307 virtute
1500 1265 1740 1307 redemtum

163 1350 186 1378 a
227 1337 347 1378 vitiis
388 1350 561 1377 uxorem
605 1336 753 1377 ducere
786 1337 964 1391 cupierit
998 1350 1173 1392 gravem
1208 1343 1250 1377 et
1282 1340 1470 1377 sanctam
1502 1340 1740 1378 matronam

160 1406 397 1448 Romanam
431 1411 566 1448 aetate
598 1408 901 1462 provectiorem
934 1412 975 1448 et
1007 1406 1091 1448 XII
1122 1407 1276 1449 liberos
1310 1405 1502 1449 enixam?
1556 1408 1741 1450 Fabulae

160 1477 239 1519 hae
276 1481 374 1518 sunt
406 1478 657 1519 refutatione
688 1477 901 1534 indignae.
959 1478 1077 1529 Quod
1109 1471 1197 1533 ipse
1231 1476 1357 1520 Caius
1388 1479 1490 1520 haec
1521 1480 1565 1520 in
1597 1478 1741 1521 literas

159 1547 309 1590 retulit
351 1562 434 1590 non
479 1548 668 1589 multum
701 1562 775 1590 nos
807 1552 971 1603 movet,
1005 1563 1186 1604 namque
1220 1554 1308 1591 erat
1338 1566 1404 1590 sex
1433 1565 1618 1591 annorum
1639 1566 1742 1604 puer

161 1632 294 1673 quum
336 1619 439 1661 haec
481 1619 679 1661 accidisse
721 1620 932 1661 dicuntur.
997 1618 1177 1662 Omnino
1211 1622 1370 1662 mirum
1403 1625 1465 1662 est
1498 1625 1653 1676 quanta
1685 1623 1740 1663 sit

159 1691 204 1730 in
236 1690 359 1731 rebus
393 1687 609 1731 Corneliae
642 1694 683 1732 et
717 1689 1005 1732 Gracchorum
1042 1693 1218 1733 testium
1251 1692 1465 1733 dissensio.
1530 1691 1737 1742 Fabulae,

158 1773 374 1810 rumores,
434 1762 714 1816 suspiciones,
774 1761 902 1803 falsae
952 1764 1264 1804 criminationes
1312 1776 1408 1804 suos
1457 1762 1539 1804 sibi
1586 1763 1741 1805 habent

160 1834 288 1872 testes
333 1831 525 1886 aequales
569 1845 643 1886 pro
684 1833 796 1873 veris
828 1832 930 1873 haec
964 1834 1105 1874 omnia
1137 1837 1353 1874 narrantes
1386 1837 1427 1874 et
1458 1832 1739 1890 Plutarchus,

160 1915 286 1957 quem
319 1915 439 1957 saepe
472 1902 667 1944 videmus
699 1902 804 1944 falsa
836 1905 945 1945 veris
976 1905 1248 1953 miscentem,
1284 1906 1425 1946 omnia
1452 1905 1670 1947 confundit
1696 1907 1741 1947 in

159 1985 308 2014 unum.
371 1973 436 2015 Ex
467 1973 695 2015 uno-disce
728 1975 882 2015 omnia.
953 1976 1079 2024 Quum
1117 1976 1291 2028 Opimius
1324 1977 1459 2017 consul
1494 1980 1532 2017 Ο.
1569 1980 1740 2017 Graccho

160 2059 283 2083 necem
315 2050 352 2084 et
382 2047 541 2085 exitium
563 2052 725 2097 pararet
758 2045 818 2098 (C.
858 2048 1018 2086 Gracch.
1057 2045 1125 2087 13.
1165 2044 1250 2099 17.)
1286 2048 1357 2094 την
1391 2047 1550 2098 μητέρα
1590 2047 1738 2098 λέγου-

161 2130 222 2155 σιν
255 2116 365 2166 αὐτῷ
400 2114 654 2158 cusmidem
689 2114 954 2164 μισθουμένην
988 2115 1069 2156 οέπὸ
1103 2123 1175 2164 τῆς
1208 2116 1321 2165 ξένης
1357 2118 1496 2172 κρύφα
1528 2119 1595 2161 καὶ
1631 2118 1739 2169 πέμ-

161 2200 316 2227 πουσαν
355 2186 410 2232 εἷς
443 2186 598 2235 Ῥώμην
631 2184 777 2237 ἄνδρας
810 2189 859 2232 ὡς
895 2186 940 2234 δη
975 2187 1149 2238 θεριςοές.
1196 2186 1419 2230 “eTePOI
1454 2190 1495 2231 δὲ
1528 2190 1596 2232 καὶ
1632 2190 1739 2233 πάνυ

162 2262 234 2303 τῆς
280 2256 498 2308 Κορνηλίας
547 2256 884 2308 δυσχεραινούσης
931 2262 1070 2299 ταῦτα
1104 2257 1358 2310 πράττεσθαι
1391 2260 1592 2310 λέγουσιν.
1656 2263 1741 2305 Ad-

161 2328 294 2370 versis
324 2328 532 2370 frontibus
564 2328 667 2370 haec
698 2330 808 2370 inter
840 2342 928 2370 sese
960 2333 1165 2386 pugnant.
1213 2331 1344 2373 Erant
1370 2332 1415 2372 in
1442 2333 1740 2377 historicorum

162 2398 361 2440 manibus
405 2398 625 2453 epistolae,
673 2413 775 2453 quas
814 2397 1007 2441 Cornelia
1039 2400 1090 2442 ad
1123 2400 1231 2443 filios
1262 2404 1508 2457 scripsisset.
1573 2404 1742 2447 Plutar-

164 2468 267 2510 chus
323 2469 397 2509 ubi
449 2471 799 2512 commemoravit
843 2486 1024 2512 messores
1067 2488 1222 2526 pereqre
1269 2490 1291 2513 a
1343 2474 1515 2514 Cornelia
1558 2479 1742 2517 adduc-tos

164 2540 330 2582 adiicit:
375 2543 512 2580 ταῦτα
550 2541 632 2592 γὰρ
666 2541 704 2581 ἐν
737 2545 819 2586 τοῖς
853 2542 1068 2588 {amonim
1104 2544 1231 2590 αὐτῆς
1267 2544 1466 2596 ᾐνιγμένα
1498 2546 1738 2599 γεγράφθαι

164 2611 259 2663 πρὸς
302 2610 368 2651 τὸν
410 2609 504 2651 υἱόν.
566 2611 698 2652 Nobis
741 2625 904 2666 quoque
945 2615 988 2653 in
1030 2615 1227 2655 manibus
1260 2619 1357 2656 sunt
1390 2616 1471 2657 duo
1503 2617 1742 2673 fragmenta

164 2681 385 2737 epistolae,
428 2694 553 2735 quam
599 2679 791 2723 Cornelia
834 2683 886 2724 ad
927 2682 1065 2724 filium
1105 2684 1257 2726 Caium
1290 2688 1457 2741 scripsit
1489 2692 1738 2742 anteaquam

162 2753 427 2794 tribunatum
469 2754 630 2805 peteret
681 2765 730 2792 ex
773 2750 957 2794 Cornelii
995 2754 1171 2809 Nepotis
1211 2755 1320 2797 libro
1363 2757 1593 2812 descripta,
1629 2759 1739 2801 unde

159 2823 407 2878 planissime
449 2820 749 2863 confirmantur
791 2836 838 2864 ea
881 2837 985 2878 quae
1025 2825 1134 2880 apud
1168 2822 1450 2868 Plutarchdm
1482 2833 1736 2883 sequuntur:

157 2892 278 2947 ἕτεροι
321 2893 362 2935 δὲ
408 2892 597 2950 (fortasse
641 2892 691 2934 de
734 2894 823 2948 ipso
869 2892 1062 2938 Cornelio
1105 2896 1267 2951 Nepote
1305 2898 1431 2947 dicit,
1467 2900 1586 2942 cuius
1618 2901 1738 2943 testi-
