1946 3298
969 174 1055 218 482

235 301 423 356 scripsit,
456 300 684 344 Diodorum
731 300 946 356 aequalem
978 315 1103 342 suum
1133 303 1354 343 memorat.
1417 299 1581 341 Vixisse
1611 299 1799 342 iocosum

234 374 401 425 poetam
434 372 510 413 sub
543 371 772 412 Alexandri
814 371 1119 412 successoribus
1154 370 1315 426 liquido
1348 369 1590 426 colligimus
1623 384 1672 412 ex
1698 369 1800 412 Plu-

228 441 370 482 tarcho
403 443 450 482 de
480 442 702 483 Alexandri
720 443 899 497 fortuna
933 447 1002 482 aut
1033 442 1177 482 virtute
1201 455 1294 497 pag.
1327 439 1412 481 333
1431 441 1464 480 b.
1499 440 1670 490 λέγεται
1699 442 1797 489 γοῦν
1853 469 1863 477 .

228 509 287 551 ἔτι
319 511 472 562 χρόνοις
507 510 638 563 ὕςερον
675 513 785 567 (post
816 512 1038 553 Alea—andri
1070 512 1242 565 mortem)
1276 509 1553 561 Ἀρχεςράτοιι
1583 509 1798 560 γενομένου

227 585 391 629 ποιητοῦ
433 582 670 635 χαρίεντος,
717 584 754 624 ἕν
799 583 839 625 δὲ
881 583 998 635 πενία
1042 582 1110 624 καὶ
1152 581 1294 635 ἀδοξία
1339 579 1573 630 διάγοντος,
1614 577 1702 621 εἶπέ
1735 596 1796 626 τις

226 651 321 702 πρὸς
365 651 512 693 αὐτόν·
576 651 700 694 Ἀλλ’
747 654 778 695 εἰ
823 653 915 694 κατ’
961 651 1226 705 Ἀλέξανδρον
1272 651 1406 703 ἐγένου
1450 650 1562 692 κατὰ
1598 649 1714 702 ςίχον
1747 649 1797 691 ἄν

227 736 284 762 σοι
317 722 473 775 Κύπρον
507 723 528 771 ἢ
564 722 742 772 Φοινίκην
775 722 929 767 ἔδωκεν.

686 1117 761 1160 DE
806 1114 966 1159 LOCIS
1012 1114 1337 1158 NONNULLIS

719 1269 763 1299 IN
779 1266 1020 1299 PLUTARCHI
1034 1265 1289 1298 MORALIBUS.

283 1437 348 1479 Ex
386 1434 495 1476 libro
538 1430 624 1482 περὶ
672 1426 984 1478 δεισιδαιμονίας
1018 1439 1150 1484 unum
1182 1425 1323 1468 locum
1355 1427 1477 1483 gravi
1508 1427 1660 1470 mendo
1692 1427 1796 1471 libe-

225 1521 315 1550 rare
347 1507 481 1547 iuvat.
543 1501 696 1544 Editur
727 1514 822 1556 pag.
861 1497 945 1539 168
973 1514 1002 1538 e.
1039 1496 1087 1538 ἂν
1122 1496 1162 1537 δὲ
1194 1495 1317 1545 bima
1350 1496 1510 1550 πράττῃ
1545 1498 1578 1552 (ὂ
1612 1498 1801 1542 δεισιδαί·

227 1577 326 1632 μων)
373 1574 440 1617 καὶ
486 1578 581 1624 συνῇ
625 1572 736 1625 πράῳ
781 1569 1071 1621 δεισιδαιμονία
1106 1573 1435 1618 περιΘΥΟμενος
1469 1567 1564 1609 οἴκοι
1598 1568 1796 1620 κάθηται,

226 1644 598 1700 περιματτόμενος,
633 1643 674 1683 αἱ
711 1641 749 1682 δὲ
782 1642 908 1691 γρᾶες
938 1638 1121 1689 καθάπερ
1154 1637 1380 1688 παττάλῳ,
1416 1638 1540 1690 φησιν
1574 1639 1589 1679 ὅ
1619 1639 1731 1694 Βίων,
1758 1639 1795 1690 ὅ,

224 1735 262 1761 τι
310 1717 358 1759 ἂν
397 1716 575 1766 τύχωσιν
619 1713 726 1763 αὐτῷ
772 1710 1071 1761 περιάπτουσιν.
1135 1708 1347 1750 Vitiosum
1391 1712 1452 1750 est
1497 1708 1798 1766 περιθυόμενος,

225 1788 334 1845 quod
350 1789 490 1841 inepte
508 1784 716 1837 Interpres
731 1782 882 1823 vertit:
916 1780 1066 1830 „omnis
1088 1779 1244 1832 yerzeris
1269 1779 1480 1833 sacrffioiis
1502 1779 1800 1823 circumdatus?

223 1860 359 1903 Nemo
390 1857 468 1898 hoc
502 1853 623 1909 quale
656 1854 711 1894 sit
742 1851 980 1908 intelligere
1014 1864 1219 1905 umquam
1247 1851 1403 1905 poterit
1431 1853 1471 1891 et
1500 1852 1666 1901 περιθύω
1695 1853 1800 1894 vitio

223 1934 372 1972 natum
406 1927 538 1968 obiter
571 1938 592 1965 e
624 1923 788 1965 Lexicis
822 1927 883 1963 est
918 1921 1202 1963 eximendum.
1254 1920 1363 1972 Quid
1391 1919 1646 1964 Plutarchus
1674 1924 1799 1978 scrip-

225 2002 326 2043 serit
358 1997 470 2040 solus
504 1995 717 2038 ostendere
748 1996 885 2048 potest
917 1992 1147 2034 Menander
1179 1991 1217 2032 ἐν
1251 1991 1529 2043 Δεισιδαίμονι
1563 1992 1674 2048 apud
1708 1990 1800 2035 Cle-

224 2073 412 2114 mentem
440 2066 560 2110 Alex.
595 2066 731 2106 Sty-om.
765 2063 855 2105 VII.
889 2077 986 2119 pag.
1019 2061 1119 2104 844.
1151 2062 1265 2104 Pott.

497 2133 845 2188 περιμαὲάτωσάν
878 2133 914 2174 σ’
948 2132 989 2175 αἱ
1023 2138 1214 2184 γυναῖκες
1248 2133 1288 2174 ἓν
1321 2132 1455 2185 κύκλῳ

495 2207 562 2249 καὶ
597 2204 1000 2257 περιΘΕωο-άτωσαν.

223 2282 333 2325 unde
389 2278 551 2334 liquido
606 2276 781 2333 colligas
828 2275 1107 2316 Plutarchum
1155 2275 1388 2330 scripsisse:
1448 2274 1796 2326 περιΘΕΙούμενος

228 2352 319 2394 οἴκοι
355 2350 527 2399 κάθηται
565 2354 658 2390 ΚΑΙ
692 2344 1056 2398 περιματτόμενος.

285 2491 527 2546 Sequuntur
560 2487 899 2539 Ἀποφθέγματα
932 2487 1136 2528 Βασιλέων
1169 2487 1236 2528 καὶ
1273 2490 1546 2540 Στρατηγῶν,
1580 2499 1684 2541 quae
1715 2500 1797 2528 non

225 2565 322 2605 sunt
363 2561 413 2602 ab
458 2561 548 2614 ipso
590 2558 818 2600 Plutarcho
861 2557 1033 2599 collecta
1077 2562 1117 2600 et
1159 2557 1360 2613 disposita
1395 2557 1464 2599 sed
1498 2571 1547 2599 ex
1578 2555 1797 2598 Plutarchi

224 2633 388 2687 scriptis
420 2643 443 2671 a
473 2630 610 2670 nescio
653 2642 733 2682 quo
779 2626 985 2669 Graeculo
1029 2629 1231 2683 sequioris
1273 2629 1422 2670 aetatis
1464 2627 1677 2676 desumta,
1723 2629 1796 2682 qui

224 2704 352 2746 homo
395 2713 526 2755 quum
570 2700 685 2739 omni
718 2697 931 2754 eleganter
963 2699 1171 2740 scribendi
1202 2697 1403 2740 facultate
1435 2701 1591 2739 careret
1623 2700 1664 2739 et
1695 2696 1796 2739 Plu-

224 2772 360 2816 tarchi
388 2770 614 2812 dictionem
643 2769 799 2823 passim
825 2769 996 2810 vitiavit
1013 2773 1054 2810 et
1071 2768 1291 2810 Plutarchi
1306 2768 1417 2811 locos
1435 2771 1508 2810 aut
1523 2766 1795 2824 indiligenter

226 2843 453 2898 descriptos
485 2842 558 2882 aut
588 2840 632 2880 in
660 2837 828 2881 brevius
860 2842 1091 2881 contractos
1125 2840 1320 2894 corrupit.
