1946 3298
893 147 979 191 357

154 280 280 317 aetate
320 275 462 316 vimerit
494 290 570 330 qua
606 274 756 314 Graeca
788 273 925 326 linqua
959 276 1128 315 nondum
1162 280 1256 316 esset
1287 281 1469 331 corrupta
1501 283 1536 319 et
1568 278 1734 320 maaima

142 360 244 399 pars
287 360 438 396 eorum,
487 361 586 401 quae
619 349 781 399 postera
823 349 931 385 aetas
972 346 1019 386 de
1057 347 1283 401 Pytlmyora
1325 347 1481 402 eiusque
1525 350 1733 403 discipulis

150 420 358 456 commenta
390 420 465 465 est,
505 416 674 456 nondum
695 417 799 468 ficta
829 420 899 455 aut
930 415 1169 468 divulqata.”
1230 416 1538 460 Iucundissima
1567 434 1632 462 res
1669 422 1731 462 est

147 489 189 527 et
233 485 284 526 ad
325 488 690 541 perspicacitatem
732 487 886 527 mentis
928 485 1121 528 alendam
1160 486 1389 529 utilissima
1430 489 1474 529 in
1503 488 1729 531 Iamblichi

147 555 411 597 collectaneis
453 569 551 599 vera
596 570 619 598 a
662 555 803 605 falsis,
848 557 975 599 bonos
1019 561 1145 599 testes
1187 571 1210 599 a
1247 560 1450 614 corruptis
1483 558 1725 601 discernere.

145 624 193 667 In
236 625 330 668 aliis
375 629 486 668 enim
537 628 789 682 conspicitur
834 641 958 668 verus
1005 627 1269 684 Pythagoras
1314 630 1381 670 vir
1428 632 1517 670 tam
1565 630 1727 684 sapiens

148 710 272 751 quam
315 696 484 744 doctus,
526 698 570 738 in
613 697 706 738 aliis
747 695 847 746 γόης
892 713 952 743 τις
993 699 1059 738 καὶ
1094 698 1257 749 ἀλαζὼν
1290 698 1358 739 καὶ
1393 698 1726 752 θαυματουργός,

147 768 219 822 qui
262 780 366 822 quae
406 766 495 809 fieri
534 781 615 808 non
646 770 820 822 possunt
851 767 995 809 fecisse
1028 768 1078 809 ab
1110 769 1408 823 impostoribus
1436 769 1600 812 dicatur
1631 773 1672 812 et
1705 783 1728 811 a

147 836 290 878 stultis
324 837 524 879 credatur.
574 837 832 878 lamblichus
864 839 1152 892 ineptissimus
1184 839 1430 880 mortalium
1457 842 1598 882 omnia
1624 841 1725 884 haec

146 921 296 962 susque
342 907 472 962 deque
512 907 638 949 habet
680 909 911 962 miscetque
951 910 996 949 in
1038 922 1195 960 unum,
1240 909 1317 950 hoc
1361 923 1443 952 uno
1487 912 1643 966 optime
1677 912 1726 954 de

145 977 390 1034 Pythagora
431 979 607 1019 meritus
651 978 760 1032 quod
801 992 882 1020 non
922 982 1088 1020 tantum
1128 993 1254 1021 vanos
1286 984 1328 1021 et
1359 980 1503 1023 futiles
1535 985 1723 1025 auctores

145 1051 358 1103 sequitur,
403 1049 474 1090 sed
515 1050 644 1090 etiam
685 1062 804 1090 sanos
847 1052 886 1091 et
920 1049 1076 1091 sobrios
1110 1053 1151 1092 et
1182 1054 1343 1092 veteres
1376 1054 1417 1092 et
1447 1066 1589 1094 rerum
1621 1068 1723 1108 quas

144 1123 312 1161 narrent
339 1119 466 1174 probe
497 1132 671 1175 gnaros,
706 1132 884 1174 quorum
917 1122 1109 1161 omnium
1143 1122 1293 1176 optimi
1323 1125 1420 1163 sunt
1452 1122 1724 1179 Peripatetici

145 1193 306 1232 veteres
339 1192 428 1245 ipse
459 1191 755 1231 Amsromms
789 1203 886 1231 cum
918 1191 1191 1232 AmsToXENO
1225 1194 1266 1233 et
1297 1191 1586 1237 DicAEARono.

204 1260 440 1302 Audiamus
480 1262 567 1301 iam
611 1261 910 1301 Aristoxenum
940 1262 1079 1316 ipsum
1115 1261 1323 1303 dicentem
1356 1265 1397 1303 et
1427 1265 1462 1305 si
1494 1265 1594 1319 quid
1634 1267 1724 1307 eius

143 1330 272 1372 verba
302 1332 400 1373 vitii
434 1333 709 1385 conceperunt
741 1331 923 1373 feramus
954 1331 1164 1387 praeclaro
1195 1334 1286 1374 viro
1319 1346 1452 1388 opem.

204 1471 252 1515 In
285 1473 308 1528 ἓ
341 1470 410 1514 94.
456 1474 608 1525 πρῶτον
639 1472 713 1524 μὲν
746 1469 908 1515 ἐσκόπει
941 1471 974 1515 εἷ
1008 1472 1197 1516 δύνανται
1242 1473 1551 1527 ἐχεμυθεῖν·
1595 1478 1722 1533 τούτῳ

144 1543 227 1595 γὰρ
274 1543 319 1591 δὴ
362 1544 429 1584 καὶ
475 1545 621 1594 ἐχρῆτο
662 1544 716 1595 τῷ
749 1544 931 1594 ὄνόμοιτι.
997 1545 1293 1596 Aristoxenus,
1330 1548 1402 1601 qui
1435 1547 1723 1606 Pythagoreo-

142 1628 240 1656 rum
271 1613 448 1656 ultimos
480 1614 643 1656 viderat
674 1628 852 1669 cumque
884 1614 1057 1656 illorum
1086 1630 1168 1657 uno
1195 1616 1431 1672 Xenophilo
1456 1618 1722 1664 familiariter

143 1687 308 1728 vixerat
353 1683 479 1739 (Gen.
525 1684 578 1726 N.
620 1685 669 1726 A.
715 1684 786 1726 IV.
836 1685 922 1742 11.)
968 1693 1009 1727 et
1050 1685 1211 1741 reliqua
1253 1700 1302 1728 ex
1334 1687 1421 1729 illis
1453 1693 1652 1746 cognovit
1684 1696 1724 1734 et

142 1755 281 1797 multa
312 1754 518 1798 vocabula
550 1756 684 1810 prisca
729 1755 881 1797 Dorica
921 1757 1215 1811 potissimum,
1261 1771 1365 1813 quae
1407 1759 1458 1800 ab
1502 1761 1591 1815 ipso
1639 1762 1725 1819 Py-

143 1826 319 1883 thagora
360 1827 517 1867 usitata
559 1826 669 1881 apud
712 1827 800 1867 eius
844 1840 1095 1868 successores
1140 1832 1436 1870 remanserant.
1500 1830 1642 1874 Multa
1674 1833 1724 1875 de

143 1909 293 1953 genere
334 1896 412 1938 hoc
454 1897 581 1937 etiam
629 1896 739 1951 apud
785 1896 1069 1938 Iamblichum
1112 1902 1358 1953 supersunt,
1401 1913 1579 1954 quorum
1623 1917 1723 1944 non·

142 1966 260 2008 nulla
304 1966 501 2020 colligere
543 1970 584 2007 et
624 1966 700 2008 sub
743 1981 876 2008 unum
920 1973 1189 2022 conspectum
1237 1982 1387 2023 ponere
1433 1971 1574 2013 iuvat:
1624 1975 1723 2015 nota

143 2042 241 2079 sunt
283 2041 324 2079 et
366 2036 616 2093 pervulgata
656 2038 910 2090 φιλοσοφίαι,
952 2039 1126 2087 κόσμος.
1171 2039 1266 2089 ἐςώ,
1313 2042 1454 2083 αέειεςώ
1490 2043 1534 2082 in
1567 2044 1588 2096 ξ
1622 2042 1722 2085 162,

143 2108 294 2162 quibus
334 2107 623 2164 Pythagoram
665 2110 851 2162 primum
894 2110 1087 2150 omnium
1130 2123 1254 2151 usum
1288 2124 1374 2152 esse
1407 2113 1508 2153 satis
1542 2115 1721 2156 constat.

144 2176 256 2219 Satis
297 2183 446 2220 notum
479 2185 541 2220 est
574 2179 774 2229 ἐχεμυθιόι
809 2183 850 2220 et
883 2180 1119 2230 ἐχεμυθεῖν,
1154 2184 1202 2221 ut
1234 2183 1275 2221 in
1309 2182 1331 2235 g
1365 2180 1435 2223 94.
1469 2187 1617 2233 πρῶτον
1649 2184 1724 2234 μὲν

147 2247 382 2289 -ἐσκόπει
428 2250 460 2290 εἶ
505 2249 696 2290 δύνανται
740 2250 953 2300 ἐχεμυθεῖν
999 2251 1142 2303 (τούτῳ
1185 2252 1266 2302 γὰρ
1310 2251 1354 2298 δὴ
1388 2252 1455 2292 καὶ
1491 2253 1638 2304 ἐχρῆτο
1671 2256 1725 2305 τῷ

145 2318 343 2372 ὀνόματι).
391 2318 680 2374 Splendidiore
712 2321 839 2361 etiam
866 2321 1033 2361 nomine
1062 2321 1236 2361 eandem
1265 2322 1561 2373 ἐχερημοσύνην
1588 2325 1726 2380 appel-

143 2390 205 2432 lat
234 2393 277 2432 in
310 2391 333 2445 ξ
364 2389 468 2431 246.

203 2467 492 2504 KAOAPCIC.
534 2463 556 2517 ξ
599 2462 700 2503 110.
749 2461 869 2503 εἰώθει
911 2461 992 2513 γὰρ
1025 2462 1067 2503 οὐ
1101 2462 1311 2514 παρέργως
1346 2470 1395 2516 τῇ
1429 2465 1597 2519 τοιαύτῃ
1626 2471 1726 2520 χρῆ-

145 2533 235 2574 σθαι
268 2532 477 2584 καθάρσεν
512 2537 628 2574 τοῦτο
659 2532 742 2585 γὰρ
778 2532 823 2578 δὴ
852 2532 919 2573 καὶ
949 2533 1216 2585 προσηγόρευε
1242 2533 1312 2581 τὴν
1343 2533 1410 2575 διὰ
1433 2540 1505 2584 τῆς
1530 2543 1725 2587 μουσικῆς

145 2602 339 2654 ἰατρείαν.

204 2679 574 2715 KATAPTTCIC.
618 2674 641 2728 ξ
676 2671 748 2715 95.
783 2672 998 2715 ἐπεσκόπει
1032 2673 1114 2726 γὰρ
1147 2678 1227 2720 πῶς
1263 2674 1400 2726 ἔχουσι
1433 2675 1594 2727 φύσεως
1629 2678 1724 2730 πρὸς

147 2744 354 2796 ἡμέρωσιν·
390 2744 528 2786 ἐκάλει
564 2744 604 2786 δὲ
638 2748 754 2785 τοῦτο
789 2743 1142 2796 κατάρτυσιν.

207 2813 547 2865 ἘΞΑΡΤὙΕΙΟ,
594 2820 964 2866 ΕΎΝΑΡΜΟΓΑ,
1008 2816 1227 2857 ἘΠΑΦΑ.
1272 2815 1369 2858 Vide
1420 2830 1524 2871 quae
1567 2821 1729 2869 notavi.-

146 2898 240 2936 mus
272 2884 324 2927 ad
354 2885 377 2943 ξ
413 2884 485 2929 64.
