1946 3298
943 166 1030 212 406

196 299 246 343 In
276 299 320 342 F.
357 300 454 341 sunt
478 297 676 341 lectiones
698 294 917 337 meliores:
951 298 1143 337 κοινωνεῖν
1169 298 1244 336 τῶν
1273 295 1410 348 ἀρχῶν
1437 309 1510 351 pro
1537 300 1610 345 τῆς
1640 295 1772 349 ἀρχῆς

201 371 442 419 verissime,
490 372 531 410 et
573 365 781 418 δεινοὶρχου
825 370 866 407 et
908 365 1166 415 δημοκήδους.
1229 365 1450 408 Praeterea
1487 366 1662 408 emenda
1693 371 1776 413 τοῖς

205 441 248 483 ἐκ
292 440 493 482 παντΩΝ
539 441 739 488 λαχοῦσιν
782 450 856 491 pro
899 437 942 477 ἐκ
974 436 1137 482 παντός.
1203 434 1329 477 Ortus
1361 450 1472 478 error
1504 442 1566 478 est
1597 451 1647 478 ex
1680 435 1776 478 πᾶν.

202 511 362 554 Deinde
404 511 540 563 recipe
582 507 757 549 Kusteri
800 507 952 548 bonam
995 507 1290 548 correctionem
1334 506 1401 547 καὶ
1451 505 1779 548 διαΚΩλυόντων

203 607 262 613 —-
279 583 335 632 μὴ
368 580 606 622 καταλύειν.
641 577 751 632 quod
783 577 946 618 dictum
976 580 1038 619 est
1064 576 1209 618 eodem
1236 576 1361 618 modo
1388 590 1468 631 quo
1495 580 1536 618 et
1563 578 1635 618 alii
1659 590 1780 632 saepe

203 652 399 695 dixerunt
445 653 487 692 et
529 648 769 691 Herodotus
815 646 926 688 VIII.
973 646 1075 688 144.
1117 647 1255 688 πολλὰ
1296 646 1363 687 καὶ
1406 646 1584 697 μεγάλα
1627 647 1685 690 ἐςὶ
1724 647 1780 688 τὰ

202 719 481 764 διακωλύοντα
521 722 662 761 ταῦτα
701 724 788 760 ΜΗ
831 717 989 760 ποιέειν.
1050 717 1278 773 Perperam
1318 718 1454 774 igitur
1483 717 1692 760 Kusterus
1722 716 1781 768 μή

203 792 375 836 delevit.

261 930 584 976 Emendandum
631 932 818 985 superest
864 928 1167 985 gravissimum
1212 927 1416 970 mendum
1463 929 1507 970 in
1552 929 1690 971 verbis
1737 927 1783 978 ἐξ

206 1005 339 1046 αὐτῶν
370 1007 446 1045 τῶν
480 1006 737 1042 ΧΡΟΝΩΝ.
786 999 1025 1055 Diligenter
1056 998 1314 1040 considerata
1343 997 1426 1040 loci
1452 1000 1658 1041 sententia
1684 1013 1783 1042 vera

207 1079 248 1117 et
280 1087 379 1116 sana
410 1072 536 1114 lectio
568 1073 723 1127 poterit
753 1071 948 1125 reperiri:
981 1069 1182 1119 λεγόντων
1216 1067 1259 1116 ἐξ
1291 1074 1498 1110 ΑΤΤΩΝ
1532 1074 1608 1110 τῶν
1634 1070 1784 1121 χρόνων

210 1144 411 1187 Ἱππάσου
455 1143 523 1184 καὶ
569 1141 761 1191 Διοδώρου
807 1139 874 1182 καὶ
920 1139 1107 1190 Θεάγους
1152 1139 1248 1191 ὑπὲρ
1292 1142 1360 1181 τοῦ
1399 1140 1560 1186 πάντας
1595 1145 1785 1182 κοινωνεῖν

207 1220 283 1257 τῶν
316 1216 452 1267 οΞρχῶν
486 1211 553 1253 καὶ
587 1219 658 1260 τῆς
689 1211 907 1259 ἐκκλησίας
927 1209 1306 1258 -ἐναντιουμένων
1334 1209 1374 1251 δὲ
1401 1214 1477 1251 τῶν
1504 1211 1783 1263 Πυθαγορείων

209 1311 264 1319 —
285 1286 353 1327 καὶ
390 1282 699 1341 ,διακωλυόντων
741 1283 813 1330 τὴν
851 1280 1018 1332 πάτριον
1050 1281 1259 1322 πολιτείαν
1291 1281 1348 1330 μὴ
1382 1283 1618 1323 καταλύειν.
1682 1281 1785 1323 Pro-

207 1370 361 1399 nomen
402 1355 534 1397 αὐτῶν
566 1355 611 1395 111
641 1354 781 1396 verbis
813 1351 857 1401 ἐξ
890 1352 1062 1393 αὐτῶν
1095 1355 1170 1393 τῶν
1202 1350 1353 1404 χρόνων
1385 1351 1568 1394 declarat
1597 1355 1785 1394 auctores

205 1441 348 1470 rerum
388 1439 595 1468 novarum
626 1424 754 1465 fuisse
785 1422 902 1473 illos,
936 1437 1030 1478 quos
1060 1421 1216 1463 minime
1253 1422 1300 1462 id
1315 1423 1506 1477 facturos
1538 1428 1785 1478 exspectasset

208 1498 367 1553 aliquis.
430 1496 594 1550 Nempe
626 1494 884 1536 καταλύεται
920 1494 940 1542 ἡ
975 1492 1141 1544 πάτριος
1171 1493 1384 1548 πολιτεία,
1421 1493 1480 1549 (id
1513 1497 1574 1535 est
1606 1496 1627 1542 ἦ
1656 1495 1784 1545 οΞριςο-

211 1567 375 1621 κρατία)
411 1568 458 1607 ab
490 1577 596 1608 1Psls
629 1565 899 1619 optimatibus,
935 1565 1007 1619 qui
1040 1577 1171 1619 quum
1205 1564 1339 1606 adhuc
1365 1578 1498 1619 remp.
1519 1565 1563 1605 in
1580 1567 1786 1620 potestate

204 1639 472 1688 habuissent,
517 1650 626 1678 nunc
666 1637 749 1691 ipsi
795 1635 906 1677 ultro
950 1638 1138 1677 auctores
1174 1638 1271 1676 sunt
1303 1638 1352 1676 ut
1382 1636 1448 1676 ius
1488 1635 1694 1677 honorum
1742 1637 1784 1676 et

206 1710 475 1752 comitiorum
507 1721 604 1749 cum
637 1707 832 1749 omnibus
864 1706 1026 1748 civibus
1056 1706 1451 1748 communicaretur.

267 1779 357 1831 Quo
396 1780 533 1835 igitur
572 1781 693 1833 pacto
738 1791 789 1819 ex
820 1777 960 1819 verbis
993 1790 1043 1818 ex
1085 1777 1218 1818 αὐτῶν
1259 1781 1336 1818 τῶν
1381 1781 1622 1818 ΧΡΟΝΩΝ
1678 1777 1785 1830 Opti-

205 1850 365 1892 matium
405 1862 558 1891 nomen
589 1848 697 1890 foras
728 1845 973 1890 eliciemus?
1019 1847 1185 1889 Dicam.
1235 1846 1478 1903 Regebatur
1510 1848 1659 1889 civitas
1689 1845 1786 1890 Cro-

202 1922 460 1963 toniatarum
504 1922 546 1960 et
587 1918 823 1974 complures
864 1918 970 1960 aliae
1010 1919 1055 1959 in
1098 1916 1272 1960 Graecia
1303 1920 1461 1960 maiore
1493 1922 1535 1960 et
1565 1920 1609 1960 in
1641 1917 1787 1960 Sicilia

206 1994 257 2035 ab
291 1990 463 2034 consilio
495 1988 688 2045 publico,
722 1990 767 2030 in
797 2002 878 2044 quo
912 1988 1020 2029 mille
1049 1988 1251 2029 Senatores
1293 1989 1513 2044 sedebant,
1552 1990 1787 2031 ditissimus

208 2068 249 2106 et
289 2060 578 2104 nobilissimus
620 2061 807 2114 quisque.
871 2058 1150 2113 Appellantur
1193 2060 1224 2100 οἱ
1268 2061 1420 2110 χίλιοι,
1454 2060 1498 2101 τὸ
1531 2065 1608 2102 τῶν
1639 2060 1786 2113 χιλίων

208 2134 430 2185 ἄθροισμα,
466 2131 509 2171 τὸ
543 2134 618 2171 τῶν
652 2131 797 2182 χιλίων
830 2130 1009 2181 ἀρχεῖον.
1061 2129 1122 2170 De
1154 2129 1427 2171 Locrensibus
1458 2132 1502 2171 in
1532 2130 1656 2172 Italia
1684 2131 1787 2173 dicit

206 2203 412 2259 Polybius
454 2200 549 2241 XII.
595 2199 661 2241 16.
711 2199 779 2242 10.
822 2199 1069 2241 καθισάντων
1112 2204 1188 2240 τῶν
1230 2201 1398 2251 χιλίων,
1434 2204 1475 2242 et
1507 2205 1598 2256 post
1630 2212 1784 2256 pauca:

208 2270 516 2324 ἐπιβλεπόντων
572 2274 647 2311 τῶν
703 2270 860 2321 χιλίων.
940 2270 1002 2312 De
1047 2271 1338 2326 Agrigentinis
1385 2272 1530 2313 scribit
1575 2271 1785 2328 Diogenes

207 2343 399 2386 Laertius
430 2340 542 2382 VIII.
578 2339 645 2381 66.
674 2340 957 2390 Ἐμπεδοκλῆς
987 2340 1031 2381 τὸ
1061 2345 1136 2381 τῶν
1163 2341 1308 2392 χιλίων
1336 2340 1533 2393 ἄθροισμα
1563 2341 1787 2383 κατέλυσεν

211 2414 380 2459 συνεςὼς
423 2411 620 2466 (συνεςὸς)
664 2411 729 2452 ἐπὶ
773 2410 841 2459 ἔτη
882 2412 996 2462 τρία,
1043 2409 1118 2455 εἵς-ε
1161 2412 1204 2452 οὐ
1253 2410 1369 2461 μόνον
1403 2410 1446 2460 ἦν
1477 2417 1554 2454 τῶν
1586 2413 1786 2454 πλουσίων

213 2484 330 2527 ἄλλα
366 2483 434 2525 καὶ
471 2487 546 2524 τῶν
578 2482 632 2523 τοὶ
664 2482 864 2531 δημοτικοὶ
896 2481 1154 2534 φρονούντων.
1218 2481 1337 2524 Duae
1369 2486 1486 2524 erant
1517 2483 1716 2526 factiones
1755 2484 1787 2525 οἱ

214 2554 395 2597 πλούσιοι
439 2556 480 2594 et
520 2552 552 2593 οἱ
595 2551 649 2592 τοὶ
693 2551 893 2599 ’δημοτικοὶ
939 2556 1187 2605 φρονοῦντες.
1250 2552 1453 2595 Videmus
1493 2555 1629 2610 igitur
1674 2554 1788 2596 idem

214 2639 301 2669 esse
333 2625 365 2666 οἱ
398 2622 524 2675 χίλιοι
558 2625 598 2663 et
630 2622 662 2663 οἱ
695 2623 876 2664 πλούσιοι
909 2623 1110 2676 optimates
1143 2623 1291 2664 nobiles
1323 2639 1368 2664 ae
1399 2624 1552 2665 divites.
1600 2624 1662 2666 De
1691 2621 1790 2665 Cro-

211 2697 385 2738 toniatis
417 2693 562 2735 scribit
592 2691 850 2734 lamblichus
882 2695 904 2748 §
938 2693 1008 2734 45.
1043 2693 1248 2734 ε’κοέλεο-αν
1281 2693 1313 2734 οἱ
1347 2694 1475 2735 Χίλιοι
1507 2695 1573 2735 τὸν
1602 2693 1790 2743 Πυθαγό-

212 2783 283 2821 ραν
311 2767 367 2812 εἶς
400 2764 444 2806 τὸ
478 2762 668 2814 συνέδριον
702 2764 770 2803 καὶ
805 2763 1023 2805 ἐκέλευσαν
1060 2763 1134 2806 εἴτι
1169 2764 1373 2816 συμφέρον
1407 2762 1495 2816 ἔχει
1523 2764 1658 2814 λέγειν
1688 2765 1789 2806 οέπο-

213 2837 422 2892 φήνασθαι
457 2837 572 2876 τοῦτο
604 2835 698 2885 πρὸς
731 2834 822 2880 τοὺς
851 2838 925 2881 τῆς
961 2835 1171 2882 πολιτείας
1205 2834 1523 2886 προκαθημένους
1557 2838 1598 2876 et
1629 2836 1652 2890 ξ
1687 2833 1786 2876 126.

212 2910 375 2961 ἤγαγεν
416 2905 563 2952 αὐτοὺς
609 2905 675 2947 ἐπὶ
716 2904 761 2947 τὸ
804 2908 880 2946 τῶν
924 2907 1070 2950 Χιλίων
1112 2906 1291 2958 ἀρχεῖον.
1337 2907 1378 2947 et
1419 2906 1443 2960 ξ
1484 2903 1585 2948 260.
1629 2905 1661 2947 εἶ
1694 2905 1786 2952 τοὺς
