1946 3298
959 134 1046 176 230

218 268 426 320 δρΟμημα
468 265 620 307 vitiosa
661 264 701 302 et
739 260 915 302 barbara
956 260 1090 301 forma
1123 260 1185 299 est
1211 270 1284 312 pro
1317 255 1538 307 δρΑμημα.
1600 253 1790 294 Perfecto

220 337 392 390 δέδρομα
423 333 671 389 respondent
702 331 860 372 formae
893 329 1030 380 δρόμος
1065 332 1106 370 et
1132 328 1295 379 δρομεύς
1311 358 1322 377 ,
1352 325 1423 367 5οᾶ
1449 325 1629 379 perfecto
1659 321 1792 373 δεδρα-

223 424 336 459 μηκα
364 408 568 464 agnatum
592 406 653 444 est
677 400 871 453 δράμημα
898 404 938 442 et
955 399 1190 452 δραμητέον.
1225 396 1288 440 Of.
1318 396 1355 438 V
1351 412 1411 438 ar.
1428 396 1550 437 Lecti.
1572 408 1668 450 pag.
1690 391 1790 434 604.

284 547 429 602 Eurip.
462 545 614 601 fragm.
649 540 749 583 882.
782 555 877 598 pag.
915 539 1013 582 507.

526 613 658 664 λόγων
691 613 840 654 δίκαιον
874 612 1011 662 μισθὸν
1046 609 1094 652 ἂν
1127 607 1271 659 λόγους
1303 607 1460 661 φέροις,

529 684 683 736 ἕργΟΝ
719 683 752 725 δ’
789 683 934 728 ἐκεῖνος
970 679 1083 733 ἔργον
1115 677 1154 725 ὃς
1188 678 1436 731 παρέσχετο.

229 759 384 801 clamat
416 757 621 798 sententia
652 758 694 796 et
721 753 967 808 compositio
994 750 1218 794 verborum
1247 747 1511 790 scribendum
1537 760 1624 788 esse
1649 744 1796 798 ἔργΟΤ

227 830 260 871 δ’
293 829 452 875 ἐκεῖνος.

288 968 433 1023 Eurip.
466 966 617 1022 fragm.
654 961 756 1005 889.
791 976 891 1019 pag.
929 959 1027 1003 508.

591 1035 800 1084 παίδευμα
833 1033 863 1074 δ’
891 1035 1020 1083 ’Έρως
1055 1030 1203 1084 σοφίας
1237 1030 1379 1083 αρετῆς

589 1110 754 1148 πλεῖςον
787 1102 1037 1154 ὑπάρχει.

227 1180 456 1238 legendum
488 1192 575 1220 esse
607 1182 773 1221 πλεῖς-ον
799 1175 999 1226 ΜΕτέχει
1027 1172 1178 1215 multis
1209 1171 1413 1227 exemplis
1441 1169 1602 1213 ostendi
1628 1171 1673 1211 in
1699 1169 1802 1212 Nov.

230 1251 354 1293 Lecti.
385 1266 483 1308 pag.
521 1247 621 1290 109.

291 1392 439 1447 Eurip.
475 1389 627 1446 fragm.
662 1384 762 1427 895.
796 1398 893 1441 pag.
930 1382 1029 1425 511.

506 1459 644 1510 ἄφρων
677 1456 725 1498 ἂν
759 1455 838 1504 εἵην
871 1455 902 1496 εἶ
937 1452 1152 1505 τρέφοιν
1186 1453 1238 1493 τὰ
1273 1456 1349 1493 τῶν
1383 1451 1533 1498 πέλοις.

233 1535 366 1578 bonus
408 1530 717 1574 Choeroboscus
760 1527 953 1580 opinatur
984 1524 1142 1575 τρέφων
1178 1523 1289 1564 κατα
1322 1523 1530 1572 συγκοπὴν
1562 1525 1629 1563 τοῦ
1664 1529 1699 1563 Η
1731 1536 1806 1565 na-

235 1611 328 1648 tum
372 1616 459 1645 esse
502 1615 552 1642 ex
593 1597 792 1650 τρεφοίην.
860 1593 960 1637 Cras
1003 1595 1167 1636 credam
1209 1600 1251 1635 et
1295 1595 1464 1635 omnino
1504 1593 1613 1634 mihi
1651 1594 1808 1635 formae

236 1677 415 1732 optativi
458 1674 502 1714 in
546 1694 570 1702 -
591 1674 689 1711 OIN
725 1680 868 1709 omnes
901 1680 950 1707 ex
984 1665 1086 1707 10015
1119 1665 1323 1719 corruptis
1355 1666 1399 1705 in
1430 1666 1809 1720 grammaticorum

234 1746 410 1790 cerebris
436 1745 558 1785 natae
590 1753 676 1781 0550
707 1737 916 1780 videntur.
983 1734 1198 1790 Scriptum
1229 1735 1356 1776 fuisse
1388 1734 1491 1776 olim
1524 1736 1723 1777 arbitror:

507 1811 645 1864 ἄφρων
678 1808 727 1850 ἂν
760 1807 842 1854 εἵην
873 1805 1154 1858 ἘΚτρέΦΩΝ
1188 1806 1243 1847 τα
1277 1810 1352 1846 τῶν
1385 1805 1532 1852 πέλας.

295 1888 360 1930 Νο
400 1885 478 1927 1100
517 1881 688 1937 quidem
720 1877 1030 1921 Choeroboscus
1062 1877 1218 1918 sciebat
1248 1878 1436 1929 τρεφοίην
1467 1891 1553 1918 esse
1586 1877 1813 1919 barbarum

237 1973 311 2016 pro
343 1957 547 2010 τρέφοιμι.
611 1949 837 2006 Cogitabat
869 1949 1036 2002 ineptus
1069 1947 1118 1988 de
1151 1949 1318 1997 voctolm,
1354 1947 1516 2000 φιλοίην
1549 1952 1590 1990 et
1622 1950 1720 1990 sim,

299 2094 549 2152 Perelegans
581 2094 642 2133 est
673 2088 886 2152 Euripidis
918 2087 1206 2144 fragmentum
1242 2086 1341 2129 903.
1374 2101 1469 2144 pag.
1508 2087 1606 2131 513.
1642 2089 1713 2131 sed
1744 2089 1812 2131 hic

240 2168 330 2210 11110
362 2167 576 2210 vitiatum.
641 2160 859 2203 Nauckius
892 2158 1047 2200 edidit:

541 2232 715 2284 χρύσεαι
750 2231 795 2278 δή
826 2244 892 2280 μοι
926 2228 1124 2279 πτέρυγες
1159 2228 1245 2278 περὶ
1280 2229 1385 2281 νώτῳ

543 2304 610 2346 καὶ
645 2302 700 2343 τα
732 2300 924 2351 Σειρήνων
957 2300 1177 2350 πτερόεντα
1212 2298 1342 2340 πέδιλ’
1377 2298 1619 2352 ἁρμόζεται,

547 2372 739 2424 βασομαί
769 2372 807 2412 τ’
841 2372 895 2416 εἰς
931 2371 1067 2422 αἰθέρα
1099 2371 1225 2412 πολὺν
1258 2370 1407 2422 ἀερθεὶς

547 2444 639 2491 Ζηνὶ
673 2440 911 2494 προσμίξων.

305 2519 443 2563 Sensit
471 2515 634 2558 Nauck.
668 2512 888 2564 ἁρμόζεται
925 2509 1143 2561 „Clementi
1174 2510 1344 2551 deberi.⁷'
1375 2524 1501 2565 quam
1539 2511 1818 2566 suspicionem

244 2593 316 2638 vel
344 2592 530 2633 metrum
563 2586 663 2627 satis
696 2582 935 2624 confirmat:

609 2654 676 2695 καὶ
709 2654 763 2694 τα
798 2654 988 2703 Σειρήνων
1021 2649 1241 2701 πτερόεντα
1275 2650 1438 2691 πέδιλα.

248 2733 393 2776 eodem
435 2727 561 2770 metri
600 2724 754 2766 indicio
793 2726 909 2777 patet
942 2721 1068 2762 πολύν
1104 2735 1190 2762 0550
1221 2721 1482 2762 mendosum.
1547 2719 1659 2776 Ergo
1692 2721 1817 2762 conii-

248 2807 365 2847 ciunt
388 2798 523 2843 πολιόν
548 2795 617 2839 vel
643 2793 804 2836 πουλύν.
848 2791 1055 2846 Equidem
1085 2793 1143 2832 sic
1172 2790 1478 2832 emendandum
1506 2803 1593 2832 esse
1620 2790 1815 2833 arbitror:

515 2864 708 2920 βασομαί
740 2865 776 2905 τ’
810 2863 864 2910 εἷς
899 2862 1019 2914 αἰθέρ’
1047 2862 1317 2903 ’ΆΠΕΙΡΟΝ
1351 2860 1518 2914 ἀερθείς.
