1946 3298
918 171 1003 215 483

229 294 424 338 SOPATER
455 295 654 352 Sophiste,
685 297 847 340 saeculo
880 301 974 353 post
1006 297 1104 342 Chr.
1139 303 1255 343 sexto
1294 299 1501 351 Ἐκλογοὶς
1528 299 1740 355 διαφόρους

169 369 210 408 et
253 380 303 408 ex
344 365 437 408 aliis
478 372 520 408 et
560 381 611 409 ex
652 367 880 411 Plutarcho
921 370 1147 425 descriptas
1189 371 1321 413 edidit
1362 375 1468 413 teste
1508 372 1661 415 Photio
1697 374 1742 415 in

167 436 416 478 Bibliotheca
447 434 546 478 Cod.
583 436 680 478 161.

227 505 354 547 Liber
395 520 552 562 nonus,
596 511 645 548 ut
675 507 856 551 Photius
890 510 1034 551 scribit
1069 510 1182 568 (pag.
1217 511 1316 553 104.
1353 511 1407 554 39
1438 527 1475 553 a.
1507 511 1664 567 Bekk.)
1696 512 1740 555 ἐκ

167 580 243 618 τῶν
289 578 559 629 Πλουτάρχου
608 579 833 628 συνετμήθη
879 605 932 610 -
976 580 1019 621 ἐκ
1062 584 1131 622 τοῦ
1176 581 1300 632 λόγου
1344 577 1382 630 ὃς
1427 580 1737 634 ἐπιγέγραπται

168 647 276 697 αὐτῷ
328 647 547 698 Ἀνδρῶν
596 647 814 696 ἐνδόξων
859 649 1271 701 ἀποφθέγματα
1323 651 1366 694 ἔκ
1409 669 1455 695 τε
1498 655 1567 694 τοῦ
1613 652 1738 704 Περὶ

167 733 198 758 π
211 732 226 758 ο
241 733 265 758 τ
278 733 305 758 α
318 733 350 767 μ
363 722 388 759 ὦ
403 733 421 758 ν
467 742 521 748 --
555 717 623 760 καὶ
661 718 705 759 ἐκ
736 722 804 760 τοῦ
838 719 1006 769 βιβλίου
1041 720 1080 762 δὲ
1112 719 1129 762 ὃ
1165 721 1475 775 ἐπιγέγραπται
1507 723 1618 775 αὐτῷ
1651 723 1682 774 β
1695 738 1740 764 α-

167 787 354 830 σιλέων
386 787 474 829 καὶ
510 793 842 840 Στρατηγῶν
874 791 1312 844 αποφθεγματα,
1347 793 1416 835 sed
1450 792 1625 848 Sopatro
1656 795 1738 835 im-

165 861 393 913 posuerunt
424 857 626 900 librorum
660 861 897 914 spuriorum
930 861 1166 914 ἐπιγραφαί
1178 894 1187 913 ,
1223 863 1257 905 si
1285 864 1454 918 quidem
1483 865 1612 905 etiam
1643 877 1736 919 per-

165 929 299 984 inepti
343 928 479 971 libelli
526 928 612 981 περὶ
664 934 859 980 ποταμῶν
905 930 1181 974 Plutarchum
1228 937 1442 976 auctorem
1495 946 1581 976 esse
1632 934 1738 976 serio

166 999 355 1043 credidit.

223 1139 328 1198 Pag.
375 1138 461 1183 174
493 1156 522 1182 c.
575 1140 758 1192 καθάπερ
805 1143 837 1183 οἱ
888 1142 965 1183 τῶν
1010 1142 1274 1193 ἀριθμητικῶν
1320 1142 1510 1185 δάκτυλοι
1555 1145 1621 1185 νῦν
1661 1142 1737 1193 μὲν

163 1210 386 1263 μυριάδας,
432 1214 497 1253 νῦν
542 1211 581 1253 δὲ
625 1211 807 1262 μονάδας
856 1212 1039 1268 [τιθέναι]
1074 1213 1292 1264 δύνανται,
1326 1214 1370 1255 τὸ
1404 1213 1504 1255 αὐτὸ
1539 1214 1606 1255 καὶ
1642 1214 1734 1260 τοὺς

162 1287 238 1324 τῶν
270 1281 478 1332 βασιλέων
507 1283 652 1334 Φίλους
689 1287 755 1324 νῦν
782 1284 856 1332 μὲν
884 1283 928 1324 τὸ
958 1286 1042 1325 πῖον
1071 1283 1287 1333 δύνασθαι,
1318 1287 1382 1326 νῦν
1406 1284 1445 1326 δὲ
1470 1282 1734 1336 τούλάχιςον.

161 1353 368 1411 Expunge
401 1355 594 1410 ineptum
622 1353 832 1396 emblema
858 1355 1020 1396 τιθέναι.
1069 1354 1407 1410 Uniuscuiusque
1434 1355 1562 1413 digiti
1587 1353 1735 1397 τιθέναι

162 1430 356 1480 possunt,
403 1425 474 1467 sed
512 1424 702 1466 δύνανται
738 1428 799 1466 est
832 1424 1002 1474 δύναμιν
1038 1424 1212 1477 ἔχουσιν.
1275 1424 1323 1466 In
1356 1425 1501 1468 eadem
1532 1440 1575 1468 re
1607 1425 1735 1482 Po]y-

161 1495 256 1537 bius
288 1494 355 1547 (V.
390 1494 479 1548 26.)
515 1494 675 1546 ἰσχύειν
716 1495 846 1536 dixit:
892 1496 924 1536 οἱ
960 1495 997 1536 ἐν
1030 1501 1113 1542 τοῖς
1146 1495 1373 1546 βασιλείοις
1406 1496 1480 1537 εἶσὶ
1514 1496 1736 1549 παραπλή-

162 1580 235 1607 σιοι
277 1571 370 1612 ταῖς
414 1564 477 1606 ἐπὶ
527 1569 602 1606 τῶν
645 1565 833 1615 άβακίων
873 1565 1049 1617 ψήφοις·
1096 1565 1242 1607 ἐκεῖναι
1285 1566 1368 1617 γάρ
1411 1566 1524 1608 κατα
1560 1567 1631 1615 τὴν
1664 1569 1734 1609 τοῦ

160 1634 405 1688 ψηφίζοντος
440 1634 635 1685 βούλησιν
668 1633 757 1687 ἄρτι
792 1638 979 1687 χαλκοῦν
1013 1635 1082 1677 καὶ
1117 1636 1354 1688 παραυτίκα
1382 1636 1587 1680 τάλαντον
1614 1637 1733 1692 ἰσχύ-

160 1721 279 1748 ουσιν.
344 1705 501 1748 Eorum
551 1707 623 1761 qui
670 1706 818 1762 digitis
866 1696 1112 1761 computant
1155 1707 1297 1749 eadem
1339 1709 1447 1751 ratio
1490 1712 1575 1751 est:
1619 1709 1733 1751 idem

160 1776 320 1834 digitus
351 1776 475 1819 modo
507 1775 689 1828 μονάδων
721 1776 798 1818 cim
829 1777 966 1832 habet,
999 1779 1122 1820 modo
1155 1778 1368 1831 μυριάδων.

220 1914 323 1973 Pag.
361 1914 446 1957 1'74
474 1931 506 1957 ο,
550 1915 629 1966 ἐγώ
677 1931 721 1956 σε
765 1914 899 1968 τρέφω
940 1916 1204 1968 μαχούμενον
1236 1917 1333 1960 ἀλλ’
1367 1919 1409 1961 οὐ
1442 1918 1734 1973 λοιδορούμενον

161 1986 428 2039 Ἀλεξάνδρῳ.
461 1986 564 2044 Leg.
598 1986 965 2039 λοιδορΗΕΟμενον.

220 2126 324 2182 Pag.
360 2125 445 2168 176
464 2142 495 2167 e.
529 2127 760 2179 Ayaakoeles
781 2128 908 2182 fiyuli
928 2128 1052 2181 filius
1082 2143 1212 2169 rerum
1234 2129 1389 2184 potitus
1408 2131 1564 2184 fictilia
1591 2134 1734 2186 pocula

160 2197 292 2237 aureis
322 2212 516 2250 apponens
557 2197 790 2240 dictitabat:
833 2195 891 2239 ὅτι
926 2201 1097 2239 τοιαῦτα
1131 2203 1248 2241 ποιῶν
1279 2199 1463 2252 πρότερον
1497 2204 1562 2243 νῦν
1594 2206 1731 2246 ταῦτα

160 2273 316 2308 ΠΟΙΕΞΙ
361 2267 425 2308 διοὶ
469 2268 540 2314 τὴν
572 2268 810 2316 ἐπιμέλειαν
843 2268 910 2310 καὶ
945 2269 1015 2317 τὴν
1049 2268 1244 2320 άνδρείαν.
1308 2269 1504 2325 Ineptum
1536 2276 1599 2315 est
1627 2282 1735 2319 ποιεῖ

160 2339 278 2392 quasi
325 2351 375 2379 ex
421 2336 553 2394 figulo
600 2338 760 2380 aurifex
806 2339 941 2380 factus
988 2342 1106 2380 esset.
1170 2339 1440 2396 Legendum:
1485 2346 1552 2384 νῦν
1592 2348 1730 2389 ταῦτα

154 2407 315 2449 ἝΧΕΙ.
364 2407 481 2449 Idem
514 2409 715 2450 mendum
749 2408 981 2451 tollendum
1014 2410 1182 2451 videtur
1212 2424 1232 2452 e
1258 2410 1348 2453 loco
1375 2411 1596 2457 Plutarchi
1620 2417 1730 2461 unde

158 2477 233 2519 illa
279 2477 491 2520 fluxerunt
536 2493 633 2536 pag.
676 2478 762 2521 544
795 2480 828 2521 b.
877 2481 991 2529 ἡμεῖς
1034 2479 1170 2522 πάλαι
1215 2484 1377 2532 ταῦτα,
1422 2485 1486 2525 νῦν
1529 2484 1561 2526 δ’
1595 2487 1728 2530 ἐκεῖνα

159 2551 360 2600 ποιοῦμεν,
390 2550 478 2591 imo
511 2563 633 2592 vero:
669 2549 804 2592 πάλαι
836 2553 974 2592 ταῦτα
1004 2551 1226 2602 ἐποιοῦμεν,
1256 2555 1322 2594 νῦν
1347 2552 1380 2594 δ’
1403 2553 1534 2601 ἐκεῖνα
1564 2554 1728 2609 ἔχομεν.

215 2687 318 2744 Pag.
366 2686 450 2731 1‘78
483 2704 516 2730 c.
561 2689 775 2743 Philippus
816 2691 1039 2732 Alexandro
1082 2692 1249 2745 παρῄνει
1293 2691 1387 2745 πρὸς
1417 2692 1541 2746 χάριν
1574 2695 1730 2745 ὁμιλεῖν

157 2764 238 2804 τοῖς
273 2758 483 2801 Μακεδόσι
517 2759 716 2809 κτώμενον
749 2760 877 2812 ἑαυτῷ
911 2761 982 2809 τὴν
1013 2762 1127 2815 παρα
1155 2767 1232 2805 τῶν
1259 2767 1418 2806 πολλῶν
1442 2770 1727 2809 ΔΥΝΑΜΙΝ.

157 2829 284 2871 verba
315 2843 437 2872 sensu
469 2843 614 2874 vacua.
648 2830 749 2888 Leg.
786 2837 1054 2875 ΕΤΝΟΙΑΝ.
