1946 3298
964 166 1051 209 212

281 290 462 347 Reliqua
510 292 612 335 duos
651 295 778 334 testes
819 291 996 343 habent,
1031 291 1297 335 Athenaeum
1325 306 1424 350 pag.
1459 290 1542 334 561
1563 293 1597 334 b.
1630 294 1672 334 et
1703 290 1797 334 Sto-

222 363 376 405 baeum
407 363 550 405 Floril.
587 362 654 404 64.
691 362 731 405 6.

281 434 407 489 Apud
436 433 703 476 Athenaeum
732 432 914 491 legitur:

523 504 544 552 ἢ
576 509 657 551 τοῖς
691 504 824 556 ἐρῶσιν
856 502 904 545 ὧν
937 504 985 546 σὺ
1020 503 1257 556 δημιουργὸς
1292 502 1331 546 εἶ

523 575 720 627 μοχθοῦσι
753 574 931 628 μόχθους
967 576 1151 628 εὐτυχῶς
1186 573 1426 617 συνεκπόνει.

221 645 331 701 apud
363 644 618 688 Stobaeum:

523 716 544 765 ἢ
580 721 662 763 τοῖς
695 718 828 769 ἐρῶσιν
860 717 1029 768 εὐμενὴς
1062 716 1268 769 παρίςασο

523 789 718 839 μοχθοῦσι
751 786 929 838 μόχθους
967 784 1016 829 ὧν
1049 787 1098 829 σὺ
1131 788 1369 839 δημιουργὸς
1403 785 1453 828 εἴ.

219 858 330 900 hunc
362 861 529 900 secutus
559 858 778 900 Nauckius
811 862 853 899 et
885 858 1012 899 emitas
1042 874 1223 900 versuum
1255 860 1380 900 sedem
1412 865 1565 899 mutare
1590 857 1727 907 iussit,
1756 860 1798 899 et

218 942 293 984 pro
325 930 507 980 εὐτυχῶς
539 930 777 984 suspicatur
808 929 980 978 εὐμενῶς
1001 930 1186 984 fortas-se
1217 929 1499 982 corriyendum.
1563 928 1658 970 Non
1685 929 1797 970 enim

217 999 571 1042 animadverterat
629 998 799 1041 Stobaei
844 1003 1011 1042 textum
1059 1015 1185 1056 quem
1233 1004 1383 1043 vocant
1430 999 1798 1055 impudentissime

215 1072 372 1126 passim
416 1085 503 1112 esse
542 1069 845 1125 interpolatum
889 1084 913 1112 a
952 1072 1089 1113 nescio
1132 1085 1213 1126 quo
1257 1069 1489 1120 Graeculo,
1536 1071 1608 1125 qui
1639 1069 1799 1112 multas

218 1143 378 1185 vetusti
419 1141 520 1183 libri
551 1140 723 1183 lacunas
756 1142 816 1182 ita
849 1141 1037 1196 explevit
1067 1145 1116 1183 ut
1149 1142 1353 1197 quidquid
1383 1144 1427 1183 in
1458 1141 1635 1183 buccam
1664 1142 1799 1183 venis-

217 1216 280 1255 set
322 1212 371 1254 de
414 1225 488 1254 suo
533 1211 820 1253 substitueret.
885 1211 1094 1253 Plurimis
1134 1216 1175 1254 et
1217 1213 1340 1254 certis
1373 1211 1576 1267 exemplis
1606 1211 1652 1253 id
1681 1211 1800 1253 lucu-

213 1283 349 1326 lenter
379 1282 488 1323 mihi
522 1282 826 1324 demonstrasse
858 1282 1025 1333 videor,
1061 1297 1194 1339 quum
1227 1284 1276 1325 de
1308 1282 1477 1325 Stobaei
1507 1283 1722 1335 Florileqio
1753 1284 1798 1324 in

215 1355 468 1408 Mnemosyne
510 1366 695 1409 agerem.
759 1352 884 1395 Nune
926 1366 1009 1395 uno
1042 1357 1083 1395 et
1116 1353 1246 1396 altero
1279 1353 1470 1409 exemplo
1504 1368 1554 1395 ex
1585 1353 1798 1408 Euripidis

213 1425 464 1482 fragmentis
497 1427 637 1465 sumto
670 1438 820 1465 verum
853 1423 897 1465 id
928 1438 1014 1466 esse
1048 1425 1278 1467 ostendam.
1328 1425 1404 1466 Est
1435 1424 1649 1481 Euripidis
1681 1423 1798 1466 locus

215 1495 325 1552 apud
356 1494 638 1537 Plutarchum
670 1493 789 1536 Tom.
825 1494 878 1536 II.
912 1509 1007 1552 pag.
1046 1494 1131 1538 778
1151 1491 1184 1536 ὃ.

516 1565 548 1606 οἱ
581 1565 664 1616 γαρ
697 1564 849 1617 Κύπριν
881 1565 1110 1618 φεύγοντες
1144 1566 1355 1617 ἀνθρώπων
1388 1564 1501 1618 ἄγαν

514 1636 665 1677 νοσοῦσ’
699 1635 840 1685 ὁμοίως
874 1641 958 1683 τοῖς
993 1635 1108 1687 ἄγαν
1143 1635 1388 1689 θηρωμένοις.

214 1708 360 1753 eadem
392 1705 596 1749 Stobaeus
630 1706 745 1748 affert
777 1707 920 1748 Floril.
958 1706 1027 1749 63.
1062 1706 1101 1748 3.
1136 1709 1194 1749 sio
1227 1709 1402 1763 scripta:

515 1777 545 1818 οἱ
579 1777 662 1829 γαρ
695 1776 847 1829 Κύπριν
881 1778 1109 1830 Φεύγοντες
1144 1778 1354 1830 ἀνθρώπων
1387 1776 1500 1829 ἄγαν

516 1848 666 1889 νοσοῦσ’
701 1848 842 1897 ὁμοίως
877 1854 959 1895 τοῖς
993 1849 1194 1891 διώκουσιν
1226 1848 1355 1900 ἄγαν.

271 1919 551 1964 Manifestum
593 1922 655 1961 est
699 1933 831 1974 quum
863 1919 971 1961 nihil
1005 1919 1118 1962 aliud
1151 1923 1387 1975 superesset
1419 1934 1547 1975 quam
1577 1925 1798 1962 NOCOT-

212 1990 624 2035 COMOI.O.C²³ss²²ss'²''i²³³<
657 1990 707 2032 de
735 2004 808 2032 suo
836 1991 1035 2033 adiecisse
1062 1989 1320 2033 Graeculum
1347 1996 1430 2039 τοῖς
1455 1991 1654 2032 διώκουσιν
1681 1989 1796 2041 ἄγαν

210 2077 344 2119 neque
387 2063 431 2103 τὸ
472 2061 705 2114 κακόφωνον
737 2075 871 2116 neque
905 2062 949 2103 τὸ
984 2061 1232 2114 κακόμετρον
1265 2061 1420 2103 horum
1452 2062 1678 2104 verborum
1711 2064 1795 2105 ani·

215 2134 504 2178 madvertisse.

272 2205 438 2248 Addam
479 2203 659 2245 alterum
701 2202 945 2258 exemplum
986 2206 1035 2244 ut
1067 2203 1272 2245 mendum
1306 2204 1504 2245 eximam.
1568 2203 1645 2246 Est
1675 2204 1797 2247 Euri-

212 2277 320 2332 pidis
353 2276 641 2331 fragmentum
674 2272 821 2329 (1046.
859 2273 1045 2315 Nauckii
1080 2287 1177 2329 pag.
1214 2272 1331 2329 540.)
1364 2275 1410 2314 in
1449 2272 1615 2316 Stobaei
1652 2275 1795 2316 Floria.

217 2347 287 2391 74.
325 2346 391 2388 10.

511 2415 746 2467 μοχθοῦμεν
778 2412 917 2460 ἄλλως
950 2415 1048 2463 θῆλυ
1081 2417 1343 2467 φρουροῦντες
1377 2414 1512 2464 γένος·

516 2484 600 2533 ἥτις
635 2487 718 2536 γαρ
753 2485 857 2533 αὐτὴ
891 2486 948 2535 μὴ
981 2485 1165 2538 πέφυκεν
1199 2484 1341 2531 ἔνδικος

514 2555 556 2596 τί
587 2555 648 2596 δεῖ
677 2555 908 2607 φυλάσσειν
941 2555 1276 2606 κοέξκμαρτοένειν
1311 2555 1457 2606 πλέως

213 2630 362 2674 δίκαιος
405 2625 585 2682 (ἔνδικος)
631 2630 672 2668 et
716 2626 943 2674 δικαιοσύνη
988 2640 1072 2668 non
1103 2627 1257 2668 habent
1287 2628 1331 2668 in
1363 2626 1569 2681 pudicitia
1601 2629 1642 2669 et
1674 2629 1793 2670 casti-

209 2701 352 2744 monia
393 2698 556 2746 locum,
599 2699 640 2738 et
682 2696 957 2738 manifest-um
1000 2697 1079 2738 hoo
1122 2697 1294 2751 quidem
1335 2702 1397 2738 est
1440 2697 1594 2738 dixisse
1625 2701 1794 2752 poetam

212 2769 497 2825 „nequidquam
538 2767 728 2807 custodiri
770 2782 851 2807 eam
894 2783 993 2821 quae
1036 2782 1112 2808 non
1153 2767 1205 2807 sit
1247 2772 1382 2820 suopte
1424 2766 1580 2819 inqenio
1605 2767 1794 2821 pudiea.”

207 2843 273 2886 Ex
318 2839 461 2883 ἔνδικος
507 2836 620 2893 (nam
662 2836 824 2891 reliqua
866 2850 964 2878 sana
1007 2841 1105 2878 sunt
1148 2840 1188 2878 et
1229 2838 1413 2892 integra)
1446 2836 1555 2878 nihil
1587 2837 1792 2880 extundas

201 2911 312 2971 quod
342 2909 550 2953 laboranti
581 2910 727 2963 poetae
758 2908 903 2963 prosit.
967 2906 1053 2949 Sed
1081 2906 1231 2949 lacuna
1265 2909 1384 2957 erat,
