1946 3298
967 118 1052 162 549

222 242 428 296 ρύσσεται.
493 246 587 287 Non
620 248 681 287 est
713 244 920 288 Graecum
955 246 991 287 εἴ
1021 263 1080 292 τις
1115 244 1163 287 άν
1194 260 1267 301 pro
1300 246 1369 288 ἐάν
1407 263 1481 296 τις.
1545 248 1790 305 Simplicius

223 317 349 357 etiam
385 315 654 358 Schaeferus:
689 317 786 357 ἀλλ’
821 316 905 366 ἥτις
939 315 988 357 ἄν
1020 317 1104 357 κτὲ.
1141 317 1250 371 quod
1282 332 1429 360 verum
1466 320 1647 361 videtur.

280 385 382 427 Post
409 400 541 441 pauca
566 386 776 439 δήμαρχος
805 386 948 427 άδικῶν
976 386 1098 437 δῆμον
1126 387 1328 429 articulus
1355 389 1495 431 abesse
1523 403 1603 431 non
1631 393 1789 445 potest:

221 456 365 498 ἀδικῶν
398 463 520 499 TON
555 457 691 508 δῆμον.

281 594 345 637 Ti.
365 595 541 639 Gracch.
562 596 629 639 17.
650 596 718 637 21.
744 595 933 642 Βλόσσιος
953 596 969 637 0‘
987 601 1165 646 Κυμαῖος
1186 598 1383 649 αἰσχύνην
1403 598 1482 650 ἔφη
1502 624 1558 630 ἢ
1576 606 1790 642 ΠΑΡεῖναι

221 666 375 714 πολλὴν
408 667 440 708 εἶ
468 666 650 718 Τιβέριος
680 693 735 698 -
764 666 916 717 κόρακα
946 666 1080 713 δείσας
1111 668 1189 719 οὐχ
1218 669 1461 711 ὑπακούσειε
1490 675 1571 716 τοῖς
1601 670 1789 717 πολίταις

220 740 425 778 καλοῦσιν.
491 737 737 794 Legendum
764 730 863 779 ”AN
896 734 994 778 εἶναι
1027 751 1101 792 pro
1135 744 1347 793 παρεῖναι,
1381 743 1429 780 ut
1455 742 1611 795 passim
1640 741 1794 782 dicitur

220 807 397 858 αἰσχύνη
431 807 480 850 ἂν
514 808 596 862 εἴη,
636 807 769 857 γέλως
803 807 851 850 ἂν
882 807 963 856 εἴη,
998 807 1137 854 ὄνειδος
1173 807 1222 850 ἂν
1255 808 1343 864 εἴη,
1379 812 1420 851 et
1452 810 1611 852 similia
1641 810 1791 852 multa.

279 945 343 986 Ti.
373 944 549 988 Gracch.
578 945 647 987 20.
677 946 748 988 21.
778 946 827 988 de
856 946 1018 988 Blossio
1048 946 1239 989 Cumano
1267 947 1444 993 εἰπόντος
1472 947 1511 989 δὲ
1536 951 1605 989 τοῦ
1622 952 1791 990 Νασικᾶ

218 1017 310 1068 πρὸς
356 1016 501 1059 αὐτόν·
545 1018 581 1059 τί
612 1016 697 1067 οὖν,
734 1017 770 1059 εἴ
799 1034 844 1058 σε
877 1016 1064 1068 Τιβέριος
1098 1018 1305 1059 ἐκέλευσεν
1338 1019 1541 1069 ἐμπρῆσαι
1574 1018 1619 1061 τὸ
1654 1026 1795 1061 Kam-

216 1091 378 1138 τώλιον,·
413 1087 460 1128 Id
494 1102 535 1129 se
567 1088 736 1129 Laelius
767 1091 909 1130 narrat
939 1088 1093 1130 dixisse
1127 1089 1237 1143 apud
1269 1088 1512 1131 Ciceronem
1542 1091 1589 1130 de
1615 1091 1792 1131 amicitia

218 1171 292 1213 cap
328 1158 396 1199 11.
433 1156 512 1208 ‚,C.
548 1159 733 1200 Blossius
771 1157 973 1200 Cumanus
1004 1184 1060 1190 —
1093 1174 1207 1214 quum
1235 1160 1289 1200 ad
1312 1175 1390 1210 me,
1420 1164 1487 1215 qui
1513 1163 1665 1201 aderam
1695 1161 1792 1202 Lae-

215 1229 302 1269 nati
343 1233 379 1269 et
422 1228 587 1283 Rupilio
633 1230 861 1271 Consulibus
902 1234 944 1270 in
983 1230 1166 1284 oonsilio,
1201 1231 1444 1284 deprecatum
1474 1235 1653 1282 venisset,
1691 1233 1791 1273 hanc

217 1304 258 1340 ut
287 1299 363 1339 sibi
394 1302 623 1352 iqnoscerem
655 1315 809 1340 causam
841 1301 1029 1356 afferebat
1061 1301 1163 1355 quod
1194 1301 1299 1341 tanti
1333 1301 1392 1342 Ti.
1424 1301 1639 1343 Gracchum
1659 1304 1788 1358 secis-

214 1375 271 1411 set
314 1375 358 1411 ut
407 1370 601 1424 quidquid
645 1370 717 1411 ille
762 1372 878 1412 vellet
923 1372 1000 1412 sibi
1026 1371 1267 1426 faciendum
1297 1376 1473 1426 putaret.
1537 1372 1645 1414 Tum
1685 1387 1786 1431 ego:

216 1440 431 1487 Etiamne,
460 1441 655 1495 inquam,
685 1441 721 1481 si
749 1444 790 1482 te
818 1442 862 1482 in
890 1441 1150 1496 Capitolium
1179 1442 1287 1484 faces
1313 1442 1419 1484 ferre
1445 1441 1602 1485 vellet?
1636 1445 1788 1494 „Num-

216 1526 350 1562 quam,
384 1511 546 1565 inquit,
582 1510 766 1552 voluisset
797 1511 843 1551 id
872 1511 1062 1566 qmdemff’
1095 1512 1167 1553 sed
1194 1514 1229 1554 si
1256 1511 1487 1554 voluisset?
1519 1514 1787 1556 ParuissemJ’

214 1581 355 1624 Multo
395 1580 654 1636 probabilius
696 1585 758 1622 est
790 1580 1042 1623 Consulibus
1076 1596 1206 1637 quum
1240 1585 1501 1638 quaestiones
1531 1585 1575 1625 in
1608 1583 1788 1628 Gracchi

214 1653 345 1694 socios
384 1655 425 1693 et
465 1652 622 1692 amicos
666 1655 903 1693 exercerent
945 1651 1141 1694 Laelium
1183 1654 1226 1694 in
1268 1653 1440 1695 consilio
1482 1654 1610 1697 fuisse
1658 1670 1785 1711 quam

214 1723 449 1778 Scipionem
482 1722 680 1764 Nasicam
707 1721 955 1764 Pontificem
984 1722 1224 1765 Maximum
1255 1722 1436 1766 Gracchi
1461 1726 1783 1769 interfectorem.

274 1862 338 1906 Ti.
383 1862 559 1905 Gracch.
604 1862 676 1905 21.
727 1861 764 1903 3.
812 1863 933 1904 occiso
977 1863 1034 1904 Ti.
1080 1864 1251 1905 Graccho
1286 1865 1306 1912 ἦ
1340 1864 1469 1914 βουλη
1502 1890 1557 1896 -
1589 1866 1681 1907 azur}
1715 1871 1783 1910 τοῦ

212 1934 403 1986 Τιβερίου
450 1932 645 1984 προῦθηκε
687 1938 769 1980 τοῖς
815 1939 982 1980 πολλοῖς
1027 1934 1153 1985 ὅριςην
1187 1935 1363 1976 ἑλέσθαι.
1397 1935 1599 1985 λαβόντες
1634 1936 1673 1978 δὲ
1706 1938 1783 1986 τοὶς

211 2005 375 2058 ψήφους
418 2003 565 2046 εἵλοντο
606 2003 782 2046 Πόπλιον
826 2004 1005 2055 Κράσσον
1049 2005 1186 2047 οἰκεῖον
1228 2004 1323 2047 ὄντα
1366 2005 1555 2059 Γράκχῳ.
1600 2009 1782 2062 θυγάτηρ

212 2076 294 2127 γὰρ
328 2077 453 2117 αὐτοῦ
487 2075 649 2117 Λικινία
683 2076 790 2126 Γαΐῳ
822 2075 998 2127 Γράκχῳ
1031 2074 1206 2128 συνῴκει.
1254 2078 1471 2132 Appianus
1502 2078 1550 2120 B.
1570 2078 1617 2121 C.
1650 2079 1682 2121 I.
1715 2079 1784 2123 18.

211 2145 481 2198 ἀναιρεθέντος
520 2145 560 2186 δὲ
593 2144 782 2197 Γράκχου
815 2145 883 2187 καὶ
917 2147 1238 2195 τελευτησαντος
1272 2148 1450 2190 Ἀππίου
1484 2149 1684 2192 Κλαυδίου
1718 2152 1784 2192 άν-

211 2218 497 2261 τικαθίςανται
540 2216 577 2260 ἒς
620 2215 665 2256 τὸ
708 2216 779 2263 την
823 2222 900 2267 γῆν
943 2215 1034 2266 ἅμα
1080 2218 1133 2269 τῷ
1172 2218 1339 2271 νεωτέρῳ
1373 2218 1548 2273 Γράκχῳ
1582 2220 1783 2271 διανέμειν

213 2288 411 2338 Φούλβιος
463 2286 651 2333 Φλάκκος
700 2286 768 2328 καὶ
817 2287 1011 2338 Παπίριος
1061 2288 1245 2340 Κάρβων.
1313 2289 1406 2331 Non
1449 2295 1641 2347 pugnant
1681 2292 1783 2335 haec

208 2361 318 2401 inter
359 2373 423 2413 se,
468 2358 539 2400 sed
570 2361 746 2412 uterque
778 2361 942 2412 partem
978 2362 1145 2400 tantum
1177 2361 1237 2401 rei
1270 2362 1469 2402 narravit.
1534 2361 1679 2405 Occiso
1713 2363 1783 2405 Ti-

208 2431 324 2472 berio
356 2431 400 2470 in
433 2431 522 2470 eius
553 2428 695 2470 locum
729 2429 864 2470 factus
897 2433 959 2470 est
989 2429 1049 2470 III
1082 2431 1148 2471 vir
1180 2432 1293 2487 agris
1329 2431 1565 2474 dividendis
1597 2432 1646 2474 P.
1673 2433 1782 2475 Lici-

207 2502 304 2542 nius
345 2499 517 2541 Crassus
559 2499 784 2541 Mucianus
826 2499 1022 2541 Pontifex
1059 2499 1298 2555 Maximus,
1342 2515 1456 2543 socer
1495 2502 1540 2544 C.
1577 2502 1781 2559 Gracchi,

208 2573 280 2627 qui
324 2570 490 2612 Tiberio
536 2570 599 2625 (ut
641 2569 845 2623 vidimus)
889 2569 1036 2626 legum
1079 2574 1224 2613 auctor
1254 2571 1337 2613 fuit
1369 2571 1557 2628 Scipioni
1588 2576 1781 2617 invidens

207 2646 249 2684 et
297 2642 554 2689 obtrectans,
604 2641 640 2681 si
688 2640 788 2694 quid
838 2639 1030 2682 Ciceroni
1078 2641 1298 2684 credimus.
1364 2644 1526 2698 Appius
1579 2644 1782 2688 Claudius

206 2713 326 2755 brevi
368 2715 462 2767 post
494 2711 653 2752 Tiberii
683 2712 905 2752 interitum
939 2711 1050 2753 diem
1086 2712 1192 2754 obiit
1223 2716 1264 2754 et
1296 2713 1344 2755 P.
1379 2713 1552 2756 Crassus
1584 2715 1781 2758 adversus

206 2784 490 2826 Aristonicum
534 2783 577 2823 in
618 2782 765 2823 Asiam
795 2782 950 2824 missus
980 2783 1024 2824 in
1057 2782 1215 2839 proelio
1249 2785 1409 2826 occisus
1442 2788 1504 2827 est
1536 2799 1642 2828 anno
1679 2787 1792 2842 1302

206 2854 353 2910 Itaque
394 2855 437 2895 in
485 2852 654 2895 illorum
699 2851 836 2895 locum
883 2852 1039 2895 suffecti
1077 2857 1175 2896 sunt
1206 2853 1266 2896 ΙΙΙ
1296 2856 1378 2897 viri
1412 2855 1459 2898 ad
1494 2870 1641 2914 agrum
1678 2859 1784 2913 clivi-
