1946 3298
884 153 968 197 373

134 280 357 333 Συβάριδος
391 279 647 331 πρεσβευτῶν
680 279 744 321 ἐπὶ
780 279 850 327 τὴν
883 278 1089 328 ἐξαίτησιν
1123 283 1197 320 τῶν
1227 279 1439 331 φυγάδων.
1491 279 1708 322 Articulus

134 351 335 393 excidisse
351 350 519 393 videtur
533 363 542 391 Ξ
554 375 587 381 --
600 354 877 401 Κροτωνιατῶν
895 355 1027 391 ΤΩΝ
1048 351 1092 390 ἐκ
1104 355 1176 397 τῆς
1195 349 1421 400 Συβάριδος
1438 350 1706 401 πρεσβευτῶν.

192 421 254 463 De
287 420 432 462 eadem
473 435 516 462 re
557 420 706 462 multis
749 421 894 462 scribit
932 422 976 460 in
1008 421 1031 474 ξ
1063 418 1162 462 177.
1206 419 1276 461 sed
1308 421 1459 462 misere
1494 424 1712 475 corruptus

135 496 175 533 et
202 490 424 533 lacunosus
448 490 565 533 locus
597 495 681 533 est:
712 489 768 532 ἔτι
798 491 871 541 μὲν
898 495 973 532 τῶν
1003 490 1041 531 ἐν
1069 496 1119 543 τῇ
1147 491 1262 533 πόλει
1290 489 1577 542 διαπορούντων
1605 487 1710 536 ὅπως

133 562 365 613 χρήσωνται
394 561 519 617 (recte
546 561 591 603 F.
620 561 857 615 χρήσονται)
883 566 965 607 τοῖς
994 560 1239 612 πράγμασιν
1263 561 1389 602 εἰπεῖν
1418 559 1709 616 (Pytkaqoram)

135 632 228 683 πρὸς
261 632 352 677 τοὺς
388 631 566 682 ἑταίρους
599 633 650 678 ὡς
685 632 753 673 οὐκ
787 630 1053 681 ἄν’βούλοιτο
1085 629 1263 681 μεγάλα
1293 630 1385 683 πρὸς
1415 630 1537 672 αὐτὸν
1563 629 1716 682 διαφω-

135 706 253 750 νῆσαι
295 701 387 747 τοὺς
430 700 710 752 Κροτωνιάτας
754 702 822 743 καὶ
867 700 1150 754 δοκιμάζοντος
1192 702 1315 743 αὐτοῦ
1348 700 1442 751 μηδ’
1476 701 1598 752 ἱερεῖα
1631 705 1713 747 τοῖς

134 772 291 822 βωμοῖς
325 771 545 822 προσάγειν
580 772 745 819 ἐκείνους
781 771 849 813 καὶ
883 773 975 818 τοὺς
1008 771 1148 818 ἱκέτας
1182 772 1263 813 άπὸ
1302 776 1378 813 τῶν
1423 770 1571 821 βωμῶν
1613 771 1713 811 άπο-

137 843 262 883 mezu.
311 840 413 883 Inde
446 855 469 882 a
501 842 639 885 verbis
671 842 846 893 μεγάλα
878 843 973 893 πρὸς
1008 842 1131 883 αὐτὸν
1165 842 1418 894 διαφωνῆσαι
1452 843 1592 882 01111113
1613 841 1714 882 11366

137 915 234 954 611111
265 911 486 959 ἀδιανόητα
520 913 624 954 61113
656 927 773 968 spem
805 913 1120 954 emendationis.

198 980 512 1038 Comparandus
554 986 616 1024 est
657 982 774 1024 locus
815 982 990 1024 Diodori
1031 981 1165 1024 Siculi
1197 981 1294 1024 XII.
1331 981 1371 1023 9.
1409 982 1425 1023 ὁ
1458 986 1597 1029 Τῆλυς
1631 981 1716 1036 (Sys-

139 1052 356 1094 baritarum
388 1051 594 1108 tyrannus)
638 1050 850 1104 ἐξέπεμψε
887 1051 1147 1105 πρεσβευτάς
1182 1052 1276 1104 πρὸς
1308 1053 1399 1098 τοὺς
1433 1051 1712 1103 Κροτωνιάτας

137 1120 192 1169 οἷς
242 1119 284 1170 ἦν
328 1121 683 1175 προστεταγμένον
728 1122 924 1178 (κελεύειν
967 1122 1115 1168 αὐτούς
1160 1122 1271 1177 add.)
1315 1122 1335 1170 ἢ
1379 1123 1470 1169 τοὺς
1514 1122 1711 1174 φυγάδας

138 1193 316 1234 ἐκδοῦναι
361 1192 382 1241 ἢ
426 1191 605 1241 πόλεμον
644 1193 954 1245 προσδέχεσθαι.
991 1197 1031 1234 61
1064 1195 1156 1248 post
1189 1205 1343 1248 pauca:
1379 1192 1423 1234 τὸ
1457 1193 1531 1242 μὲν
1565 1197 1715 1244 πρῶτον

137 1262 274 1315 ἔρρεπε
305 1268 399 1310 ταῖς
432 1264 615 1314 γνώμαις
652 1263 696 1304 τὸ
729 1264 878 1312 πλῆθος
913 1263 1007 1315 πρὸς
1041 1264 1112 1312 τὴν
1149 1263 1340 1305 ἀπόδοσιν
1372 1265 1448 1304 τῶν
1480 1264 1714 1312 ἱκετῶν-,

137 1335 248 1385 μετα
280 1334 321 1376 δὲ
354 1337 493 1375 ταῦτα
526 1334 760 1386 Πυθαγόρου
794 1337 862 1375 τοῦ
897 1332 1126 1386 φιλοσόφου
1159 1334 1544 1384 συμβουλεύσαντος
1579 1334 1714 1386 σώζειν

137 1405 228 1452 τοὺς
262 1404 399 1451 ἱκέτας
433 1404 659 1455 μετέπεσον
692 1409 783 1452 ταῖς
819 1402 1019 1455 γνώμαις.
1069 1404 1179 1446 Cum
1207 1405 1273 1446 his
1304 1406 1439 1461 igitur
1465 1404 1588 1446 rebus
1620 1417 1714 1445 con-

138 1476 282 1516 iuncta
315 1477 412 1516 sunt
445 1488 549 1530 111136
581 1475 603 1529 ξ
639 1473 722 1516 133
757 1478 800 1516 61
836 1473 919 1521 177
955 1475 1004 1516 de
1034 1475 1280 1531 Pythagora
1311 1478 1543 1516 narrantur.

196 1614 244 1656 In
276 1615 298 1664 Q
329 1613 412 1656 133
446 1628 579 1669 quum
619 1613 914 1671 Sybaritarum
956 1614 1148 1671 legatus,
1194 1629 1319 1670 quem
1351 1615 1619 1672 Pythagorae
1651 1629 1714 1657 so-

138 1684 250 1727 dales
281 1684 482 1740 quosdam
514 1683 666 1741 Sybari
697 1685 951 1727 interfecisse
979 1685 1220 1735 constabat,
1257 1686 1389 1740 ipsius
1416 1685 1714 1728 consuetudine

136 1757 201 1798 uti
232 1754 383 1806 vellet,
418 1755 683 1812 Pythagoras
717 1755 870 1797 dixisse
902 1756 1034 1797 fertur
1074 1756 1123 1801 ὠς
1166 1756 1208 1796 οὐ
1242 1755 1439 1805 θεμιςεύοι
1483 1761 1564 1802 τοῖς
1605 1756 1715 1797 'AN-

139 1831 408 1868 ΘΡΩΠΟΙΕ.
456 1825 684 1868 Manifesto
715 1829 958 1880 corruptum
987 1830 1049 1868 est
1077 1826 1301 1877 ἀνθρώποις.
1342 1825 1487 1881 11311116
1507 1826 1715 1868 Kusterus

137 1895 467 1949 άνθρωποκτόνοις
511 1895 579 1939 vel
621 1895 885 1948 ανδροκτόνοις
929 1897 1197 1950 coniiciebat,
1241 1895 1311 1937 sed
1349 1909 1472 1938 nemo
1502 1897 1714 1939 homicidas

137 1967 196 2008 sic
237 1965 442 2022 appellat,
485 1966 556 2008 sed
598 1965 872 2019 ἀνδροφόνους.
936 1966 1113 2008 Videtur
1152 1968 1195 2008 in
1238 1968 1428 2008 ’ANOIC
1467 1967 1581 2009 aliud
1614 1968 1715 2023 quid

136 2035 266 2078 131616
279 2050 289 2087 ;
338 2050 488 2091 nempe
535 2041 617 2082 τοῖς
668 2037 966 2078 ἈΝΟΟΙΟΙΟ.
1044 2036 1152 2088 Quia
1195 2036 1416 2086 θεμιςεύειν
1462 2039 1627 2093 proprie
1673 2041 1714 2079 61

138 2110 374 2149 constanter
406 2107 455 2149 de
488 2106 681 2162 Apolline
715 2107 869 2149 dicitur
901 2108 1104 2150 vaticinia
1137 2107 1303 2161 edente,
1337 2121 1387 2149 ex
1419 2122 1464 2150 eo
1496 2108 1711 2165 Pythago-

138 2191 230 2219 ram
273 2177 374 2218 dicit
416 2178 438 2232 ᾗ
473 2176 571 2218 133.
605 2177 717 2229 παρά
761 2193 863 2218 τισιν
896 2177 1140 2218 Ἀπόλλωνα
1174 2178 1416 2226 νομισθῆναι.
1481 2178 1576 2220 Νο11
1609 2182 1713 2223 66110

137 2247 239 2289 11366
266 2247 458 2289 nonnulli
483 2248 802 2297 existimabant,
835 2248 905 2290 sed
928 2247 1134 2289 invidioso
1161 2249 1329 2289 nomine
1356 2247 1595 2303 Apollinem
1615 2265 1714 2293 eum

138 2318 303 2360 inimici
344 2319 572 2368 vocabant,
615 2322 663 2360 ut
705 2328 767 2360 661
809 2320 853 2359 111
897 2319 919 2372 ξ
955 2316 1053 2359 177.
1090 2319 1131 2359 οὐ
1166 2317 1386 2366 θεμιςεύειν
1418 2317 1590 2371 ἔφησεν·
1630 2319 1713 2364 ὅθεν

140 2391 301 2442 ᾐτιῶντο
334 2388 456 2429 αὐτὸν
490 2386 734 2431 Ἀπόλλωνα
767 2388 944 2440 φάσκειν
976 2386 1088 2429 εἶναι.
1138 2387 1257 2430 Unde
1283 2388 1541 2446 intelligitur
1571 2406 1714 2436 veram

138 2457 360 2500 lectionem
392 2458 497 2500 hanc
525 2473 632 2500 esse:
665 2457 748 2500 ὅθεν
776 2459 819 2506 δὴ
850 2457 964 2510 παρά
994 2474 1095 2499 τισιν
1124 2458 1368 2500 Ἀπόλλωνα
1396 2461 1716 2514 ὈΝΟΜΑσθῆ-

140 2543 204 2570 ναι
237 2527 373 2570 αὐτόν.
438 2528 603 2571 Ρ3661111
647 2527 854 2580 ὀνομάζειν
897 2533 938 2570 61
981 2528 1152 2581 νομίζειν
1195 2531 1304 2571 inter
1345 2544 1387 2571 se
1424 2531 1621 2574 confundi
1652 2549 1716 2577 res

142 2602 204 2640 est
234 2599 467 2640 notissima.

204 2668 440 2720 Θεμιςεύειν
469 2669 518 2711 (16
547 2669 727 2711 oraculis
755 2669 965 2725 Apollinis
991 2669 1150 2727 legitur
1171 2672 1215 2712 in
1232 2670 1399 2713 Aeliani
1424 2670 1472 2714 V.
1487 2671 1631 2717 H.111.
1648 2675 1717 2720 43.

352 2739 395 2782 οὔ
427 2756 472 2782 σε
506 2739 730 2790 θεμιςεύω,
767 2744 938 2782 Μουσῶν
971 2740 1195 2793 θεράποντα
1228 2741 1451 2788 κατέκτας.

144 2811 186 2850 61
216 2822 303 2864 cap.
337 2809 407 2853 44.

444 2880 488 2923 οὔ
521 2897 570 2923 σε
609 2881 824 2933 θεμιςεύω·
857 2881 1120 2935 περικαλλέος
1156 2880 1249 2933 ἔξιθι
1281 2886 1384 2932 νηοῦ.
