1946 3298
985 142 1072 186 124

239 271 305 314 bis
335 269 475 314 verbis
508 268 684 311 diversis
715 269 956 311 enuntiat-ae
987 268 1201 327 leguntur.
1254 268 1444 313 Secunda
1475 269 1681 325 scriptura
1710 281 1809 326 pag.

241 340 311 384 87.
347 338 556 384 1'7.—88.
593 338 632 381 4.
665 340 848 396 genuina
880 343 942 381 est
973 344 1015 382 et
1046 341 1097 383 ab
1129 342 1220 396 ipso
1252 339 1429 383 Libanio
1459 341 1656 396 profecta.
1719 338 1812 380 Pri-

239 427 355 456 orem
395 425 493 455 vero
527 425 624 467 pag.
660 409 730 451 86.
765 409 943 453 2.-87.
980 410 1020 453 8.
1055 412 1107 453 ad
1137 411 1333 453 lacunam
1366 409 1529 452 Codicis
1561 409 1812 465 explendam

238 485 377 527 1168010
418 484 510 538 quis
551 481 654 523 olim
696 494 746 522 ex
787 484 927 523 vetere
959 483 1302 536 interpretatione
1333 480 1485 523 Latina
1516 495 1649 536 neque
1680 481 1814 536 perite

238 568 374 610 neque
421 553 633 610 eleganter
680 552 958 595 concinnavit.
1034 551 1197 594 Notum
1245 557 1309 594 est
1354 551 1469 594 idem
1512 553 1557 593 in
1603 550 1816 606 Simplicii

238 625 347 668 libro
379 625 426 666 de
462 624 577 666 Coelo
608 636 689 664 usu
719 623 898 665 venisse.

301 755 505 797 Libanius
546 752 601 795 II.
633 766 731 810 pag.
766 750 836 794 88.
884 753 994 795 1.καὶ
1026 754 1043 796 ὁ
1077 754 1177 801 Ζεὺς
1211 751 1341 798 ἕςενεν
1376 752 1463 804 ,,ὃ’θ’
1496 754 1556 796 ἑὸν
1588 752 1708 807 φίλον
1739 748 1818 794 υἷον

240 825 386 878 ὂροῖτο”
429 828 628 867 πονοῦντα
661 824 700 865 ἐν
731 829 814 870 τοῖς
848 822 1004 873 ἄθλοις,
1043 822 1107 871 οὓς
1139 825 1155 866 ὁ
1190 824 1383 866 Σθενέλου
1417 823 1703 879 προῦβαλλεν,
1731 822 1817 872 ἐμοὶ

242 896 283 939 δὲ
328 897 437 939 δοκεῖ
474 895 568 946 μηδ’
611 895 736 941 αὐτὸς
781 895 1022 948 διαφεύγειν
1065 895 1264 937 δουλείαν.
1306 894 1350 936 τὸ
1385 896 1466 947 γαρ
1501 893 1754 946 καταφυγήν
1786 893 1818 934 οἱ

243 966 640 1009 κατασκευάσασθαι
683 967 750 1008 τὸν
793 966 1207 1007 ΠΙΘΟΝ-δοῦλον
1251 966 1372 1007 ἐποίει
1421 965 1489 1008 τὸν
1532 966 1570 1007 ἐν
1611 970 1660 1018 τῇ
1704 962 1820 1013 τάξει

241 1042 310 1081 τοῦ
352 1037 599 1084 κελεύοντος.
661 1036 840 1079 Reiske:
889 1038 1026 1092 „quod
1057 1037 1219 1080 dolium
1252 1037 1521 1091 siyneficetur,
1550 1037 1619 1077 sub
1652 1050 1724 1092 quo
1754 1034 1822 1076 Iu-

240 1111 351 1166 piter
392 1124 432 1150 se
472 1108 760 1150 abscondiderit
791 1108 901 1148 baud
930 1108 1147 1161 intelliyo.”
1208 1107 1349 1150 Facile
1383 1108 1502 1150 credo
1511 1121 1522 1158 ς
1555 1107 1626 1149 sed
1657 1120 1739 1149 non
1770 1105 1821 1148 de

240 1179 340 1222 Iove
381 1180 483 1222 haec
525 1180 608 1221 dici
649 1179 720 1221 8611
763 1179 812 1221 116
853 1179 1114 1236 Eurystheo,
1160 1179 1350 1221 Stheneli
1391 1178 1501 1229 filio,
1549 1182 1712 1221 certum
1739 1181 1816 1219 est.

241 1251 430 1294 Emenda
460 1252 616 1307 igitur:
652 1250 737 1300 ἐμοὶ
769 1250 809 1291 δὲ
836 1250 945 1292 δοκεῖ
969 1250 1062 1300 μηδ’
1090 1241 1218 1298 αὐτὸζ
1245 1255 1438 1292 OTTOC
1468 1249 1708 1302 διαφεύγειν
1736 1247 1820 1289 δου-

245 1322 384 1372 λείαν,
418 1321 462 1363 111
495 1324 558 1363 681
591 1321 607 1362 ὂ
636 1320 830 1363 Σθενέλου
863 1321 1107 1372 Εὐρυσθεύς,
1142 1322 1158 1363 ὂ
1194 1320 1243 1362 ὢν
1275 1322 1312 1362 ἐν
1344 1327 1395 1374 τῇ
1428 1319 1543 1369 τάξει
1577 1323 1646 1362 τοῦ
1679 1319 1820 1361 κελεύ-

242 1408 364 1440 οντος.
413 1392 645 1448 Eurysthei
673 1392 822 1433 dolium
852 1395 1157 1434 commemorat
1181 1391 1390 1434 Diodorus
1415 1391 1583 1433 Siculus
1600 1390 1670 1433 IV.
1691 1390 1760 1433 12.
1780 1389 1821 1432 2.

242 1463 329 1506 ἰδὼν
372 1463 389 1504 ὖ
434 1462 635 1514 βασιλεὺς
682 1462 922 1519 (Εὐρυσθεὺς
965 1465 1032 1505 τὸν
1075 1463 1283 1516 Ἡρακλέα
1326 1462 1392 1504 τὸν
1438 1462 1605 1520 κάπρον)
1647 1460 1710 1503 ἐπὶ
1745 1465 1821 1503 τῶν

242 1534 355 1585 ὤμων
397 1534 572 1586 φέροντα
616 1534 813 1585 φοβηθεὶς
855 1533 1026 1587 ἔκρυψεν
1074 1534 1214 1576 ἑαυτὸν
1263 1535 1318 1580 εἷς
1362 1536 1609 1587 χαλκοῦν
1652 1533 1818 1575 πίθον.

240 1606 357 1648 Idem
399 1605 678 1661 Apollodorus
721 1609 862 1647 narrat
904 1605 1096 1647 Bibliotb.
1143 1605 1197 1649 ΙΙ.
1232 1605 1269 1647 5.
1304 1604 1411 1657 φασὶ
1447 1604 1486 1646 δὲ
1521 1601 1579 1645 ὅτι
1613 1603 1750 1651 δείσας
1785 1603 1819 1658 (ὃ

239 1677 479 1733 Εὐρυσθεὺς)
515 1677 651 1718 πίθον
684 1676 794 1728 αὑτῷ
826 1680 1051 1729 χαλκοῦν
1085 1676 1345 1729 εἰσκρυβῆναι
1381 1675 1456 1717 ὑπὸ
1490 1680 1567 1726 γῆς
1598 1674 1824 1717 κατεσκεύ-

239 1765 351 1791 ασεν.
415 1747 695 1790 Manifestum
728 1751 791 1790 est
823 1748 935 1790 hunc
967 1750 1109 1803 ipsum
1143 1762 1230 1790 esse
1264 1747 1483 1802 πίθον,“116
1516 1760 1597 1802 quo
1633 1745 1822 1801 loquitur

239 1819 464 1862 Libanius:
507 1821 650 1875 itaque
688 1834 771 1862 non
803 1819 854 1862 ad
885 1819 1055 1871 Iovem,
1091 1819 1162 1861 sed
1196 1820 1247 1862 ad
1278 1819 1568 1876 Eurystheum
1601 1817 1702 1860 haec
1734 1830 1821 1859 esse

238 1891 467 1934 referenda.

296 2013 499 2056 Libanius
541 2011 593 2055 Π.
630 2027 729 2069 pag.
767 2010 836 2054 88.
872 2010 943 2055 25.
978 2012 1045 2054 καὶ
1080 2012 1370 2062 ἀποθνήσκοντί
1402 2029 1453 2063 γε
1485 2010 1644 2068 (δούλῳ)
1681 2008 1814 2063 φόβος

240 2085 364 2131 οὐδεὶς
395 2089 550 2135 ταφῆς.
585 2082 823 2137 περιταφέα
855 2084 939 2134 γάρ
975 2084 1097 2125 αὐτὸν
1129 2083 1218 2136 ἕχει
1252 2085 1318 2127 τὸν
1352 2083 1543 2125 δοκοῦντα
1576 2083 1650 2133 μὲν
1676 2080 1820 2124 δεσπό-

239 2172 311 2204 την
351 2154 446 2197 ὄντα
489 2155 528 2196 δὲ
572 2155 723 2196 δοῦλον.
789 2153 959 2210 Optime
1003 2154 1194 2197 Dindorf.
1239 2155 1291 2197 ad
1324 2154 1387 2197 St.
1423 2154 1545 2197 Thes.
1579 2154 1820 2196 emendavit

240 2228 370 2281 φόβος
405 2225 532 2274 οὐδεὶς
564 2231 706 2278 ταφῆς
743 2225 885 2277 πέρι.
919 2225 1103 2279 ταφέα
1136 2226 1218 2278 γαρ
1252 2226 1340 2279 ἔχει
1374 2226 1460 2268 κτὲ.

298 2346 480 2390 Mirifico
522 2360 656 2389 errore
696 2347 740 2388 in
782 2345 902 2389 libris
944 2346 1256 2388 confunduntur
1297 2345 1458 2399 μΑκρός
1494 2350 1534 2388 61
1566 2343 1737 2397 μΙκρός,
1771 2349 1821 2387 111

236 2420 289 2462 Π.
335 2417 402 2459 90.
452 2416 519 2458 12.
556 2416 790 2468 γεγόναμεν
823 2418 893 2458 οὐκ
924 2417 1073 2468 ὀλίγων
1108 2418 1177 2467 ἤδη
1212 2418 1414 2460 δεσποτῶν
1447 2417 1486 2458 ἐν
1518 2417 1643 2469 μικρῷ
1672 2416 1817 2469 χρόνῳ.

236 2488 466 2533 Antiochia
507 2490 619 2530 enim
653 2492 694 2530 et
726 2492 814 2530 tota
846 2487 970 2544 Syria
1002 2489 1191 2530 mutavit
1223 2490 1388 2543 saepius
1421 2488 1610 2530 dominos
1642 2488 1715 2530 sed
1745 2501 1821 2543 per

236 2561 410 2617 longam
444 2572 646 2600 annorum
679 2560 830 2600 seriem
863 2559 900 2599 ἐν
934 2560 1085 2611 μΑκρῷ
1118 2558 1261 2612 χρόνῳ.

298 2681 401 2738 Pag.
448 2677 516 2721 99.
568 2677 606 2721 7.
652 2679 750 2721 ἀλλ’
794 2675 899 2725 ὅπως
943 2694 1010 2728 μοι
1045 2676 1286 2730 φυλάξΗΙΟ
1320 2678 1386 2720 δια
1413 2677 1554 2725 τέλους
1587 2677 1654 2720 τὸν
1688 2677 1819 2727 νόμον.

239 2751 393 2795 Omnes
435 2755 476 2792 et
516 2753 676 2791 veteres
720 2753 761 2791 et
803 2751 1052 2791 recentiores
1095 2753 1331 2791 constanter
1375 2763 1422 2791 eo
1466 2763 1589 2790 sensu
1628 2749 1822 2791 dicebant

238 2824 341 2870 ὅπως
362 2847 417 2854 —-
435 2819 699 2875 φυλάξΕΙΟ,
731 2819 802 2862 8611
826 2821 916 2875 pari
942 2819 1026 2861 fere
1054 2821 1289 2862 constantia
1312 2820 1475 2862 librarii
1503 2820 1821 2864 coniunctivum

237 2897 370 2940 etiam
401 2907 500 2937 cum
531 2891 792 2934 barbarismo
823 2891 1102 2933 substituunt.
