1946 3298
876 125 958 170 221

193 253 271 296 Est
303 267 448 310 operae
484 254 668 308 pretium
701 255 834 296 certae
868 253 1171 297 emendationis
1203 257 1412 314 originem
1446 261 1486 300 et
1517 272 1708 317 progres-

133 338 229 366 sum
261 325 477 367 observare
507 325 552 365 in
582 323 798 379 Euripidis
828 324 981 380 fragm.
1015 323 1115 366 402.
1178 326 1226 368 In
1256 327 1377 370 libris
1410 332 1493 370 est:

403 394 526 436 2305&
560 394 713 441 άδινοῦς
747 395 961 448 συμφοράν
994 396 1120 438 πολὺν
1150 395 1288 448 χρόνον

401 467 466 505 νῦν
499 463 602 514 ὄμμ’
636 465 796 517 ἐγείρει.

191 535 325 577 Acute
357 536 485 578 sensit
512 534 812 577 Valckenarius
834 537 877 577 in
904 536 971 578 his
999 535 1121 583 Ἰνοῦς
1149 551 1303 580 nomen
1328 538 1459 581 latere
1484 539 1704 596 deditquet

579 606 719 647 ἰδοῦσα
751 605 787 647 δ’
821 607 981 653 ’mooe
1016 607 1243 661 συμφοράν.

128 676 302 732 perfecit
333 676 667 719 emendationem
700 676 975 733 Musgravius
1008 680 1080 733 qui
1112 681 1320 734 reposuit:

287 751 291 754 ’
402 747 593 788 ΕΤδουσα
627 746 659 788 δ’
693 747 813 793 Ἰνοῦς
847 751 1049 800 συμφορΑ
1083 749 1210 791 πολὺν
1241 749 1379 801 χρόνον

401 820 467 858 νῦν
501 815 602 867 ὄμμ’
637 817 795 869 ε’γείρει.

130 901 384 943 quamquam
418 891 529 930 certa
562 891 624 930 est
649 891 691 930 et
717 888 885 930 evidens
912 891 1109 931 correctio
1136 893 1279 933 tamen
1305 893 1424 934 iuvat
1451 891 1704 948 locupletem

126 958 411 1000 fideiussorem
453 958 700 1013 producere,
744 958 1025 1001 Plutarchum
1066 961 1110 1001 in
1155 963 1243 1002 vita
1283 962 1457 1004 Antonii
1500 977 1590 1018 cap.
1629 963 1703 1007 36.

128 1027 371 1070 Εὔδουσα
404 1029 492 1076 δίἧ
536 1028 638 1077 δεινὴ
671 1030 920 1080 συμφορά
952 1029 1142 1082 χρόνον
1174 1032 1343 1086 πολὺν,
1378 1032 1394 1073 ὁ
1430 1032 1700 1086 Κλεοπάτρας

128 1097 244 1154 ἔρως,
264 1124 317 1129 -
337 1097 446 1146 αὖθις
480 1099 698 1151 άνέλαμπε
743 1101 810 1142 καὶ
844 1101 1045 1154 άνεθάρρει
1081 1102 1207 1156 Συρίᾳ
1241 1102 1531 1155 πλησιάζοντος
1564 1106 1703 1147 αὑτοῦ.

187 1272 332 1327 Eurip.
365 1273 518 1329 fragm.
555 1270 655 1313 440.
689 1286 729 1327 p.
760 1271 857 1314 392.

457 1343 524 1394 δρῶ
559 1342 599 1383 δὲ
631 1349 713 1388 τοῖς
745 1348 955 1385 πολλοῖσιν
989 1344 1200 1396 ἀνθρώποις
1237 1344 1317 1394 ἐγὼ

456 1413 673 1455 τίκτουσαν
708 1411 820 1465 ὕβριν
853 1414 923 1460 τὴν
958 1414 1111 1464 πάροιθ’
1146 1414 1383 1465 εὐπραξίαν.

126 1486 318 1540 ineptum
350 1487 392 1526 et
427 1498 549 1526 sensu
580 1498 764 1526 vacuum
797 1487 860 1526 est
892 1483 1047 1535 πάροιθ’
1082 1499 1105 1526 a
1131 1484 1258 1526 sciolo
1287 1485 1336 1526 ad
1362 1484 1557 1528 lacunam
1583 1485 1706 1529 Codi-

125 1557 183 1597 cis
215 1554 463 1609 explendam
494 1556 712 1597 insertum.
776 1554 1068 1610 Supplendum
1102 1555 1280 1596 arbitror
1313 1569 1362 1597 ex
1394 1557 1507 1597 vitae
1540 1569 1642 1598 usu:

663 1627 735 1673 τῆν
767 1625 860 1667 λίαν
895 1625 1133 1677 εὐπραξίαν.

183 1695 314 1752 Saepe
354 1696 448 1737 λίαν
491 1697 601 1752 apud
642 1696 840 1753 Tragicos
882 1696 1165 1751 penultimam
1208 1698 1439 1752 correptam
1471 1697 1622 1749 habet,
1654 1701 1704 1740 ut

121 1768 166 1809 in
198 1767 413 1823 Euripidis
445 1767 599 1824 fragm.
635 1766 734 1809 465.
768 1781 864 1824 pag.
898 1766 1000 1809 399.

453 1839 659 1888 ε’πίςαμαι
693 1838 733 1880 δὲ
766 1838 834 1879 καὶ
869 1837 1123 1890 πεπείραμαι
1158 1837 1253 1879 λίαν

452 1910 502 1955 ὦς.-
535 1912 611 1950 τῶν
644 1907 818 1960 ἐχόντων
853 1908 1007 1954 πάντες
1040 1907 1232 1959 ἄνθρωποι
1264 1908 1397 1961 Φίλοι.

185 1979 549 2031 Quemadmodum
580 1979 801 2035 Euripides
843 1979 950 2021 dixit
982 1980 1053 2027 τῆν
1086 1979 1181 2020 λίαν
1214 1978 1465 2032 εὐπραξίαν,
1500 1981 1560 2023 sic
1592 1982 1703 2037 apud

124 2049 404 2093 Menandrum
438 2054 522 2092 est:

453 2121 561 2173 άρχῆ
595 2120 748 2171 μεγίςῆ
778 2123 854 2162 τῶν
886 2121 924 2161 ἐν
957 2120 1170 2171 ἀνθρώποις
1204 2124 1335 2162 κακῶν

454 2191 625 2241 τάγαθα
655 2192 710 2233 τα
741 2191 834 2232 λίαν
866 2191 1026 2241 άγαθά.

180 2260 387 2304 Similiter
420 2262 530 2317 apud
560 2261 821 2318 Aeschylum
855 2264 917 2303 est
948 2262 992 2302 in
1025 2261 1250 2303 Prometheo
1288 2275 1348 2306 vs.
1388 2261 1486 2304 100,

452 2333 517 2375 δια
549 2333 620 2381 τῆν
652 2332 746 2374 λίαν
781 2329 993 2382 Φιλότητα
1026 2331 1191 2383 βροτῶν.

184 2504 404 2561 Euripides
436 2505 586 2562 fragm.
623 2501 724 2546 459.

334 2577 366 2617 εἶ
400 2575 483 2627 γάρ
517 2577 553 2616 cr*
584 2573 782 2625 ἔμελλεν,
811 2576 861 2621 ὡς
895 2573 943 2615 σὺ
976 2574 1081 2625 Φής,
1118 2575 1286 2617 κτείνειν
1318 2573 1460 2632 πόσις,

332 2653 434 2698 χρῆν
467 2647 534 2688 καὶ
569 2649 611 2688 σὲ
644 2645 833 2699 μέλλειν,
866 2646 916 2692 ὡς
947 2644 1085 2696 χρόνος
1119 2645 1361 2697 παρήλυθεν.

185 2716 232 2758 In
263 2716 383 2759 libris
416 2715 545 2759 Gellii
572 2716 625 2758 N.
654 2717 704 2758 A.
729 2728 784 2757 VI.
813 2715 849 2756 3.
879 2719 940 2757 est
963 2716 1070 2766 παρῆ
1097 2716 1208 2762 δῆθεν
1233 2716 1300 2759 vel
1327 2723 1435 2768 παρῆ
1464 2717 1587 2767 δῆθεν.
1635 2721 1700 2763 Ex

125 2785 322 2828 Vaticano
355 2785 505 2829 Codice
537 2786 734 2828 Hertzius
762 2785 987 2836 παρήλυθεν
1013 2787 1193 2841 recepit,
1228 2787 1337 2841 quod
1363 2788 1581 2831 Nauckius
1607 2805 1701 2846 pro-

124 2855 254 2899 bavit.
316 2857 485 2900 Nollem
518 2857 702 2907 factum,
735 2858 923 2912 primum
956 2858 1053 2912 quia
1079 2858 1129 2904 ὡς
1157 2855 1298 2910 χρόνος
1330 2859 1558 2912 παρήλυθεν
1590 2862 1699 2905 nihil
