1946 3298
865 217 949 259 369

119 342 164 382 F.
193 340 238 382 τὸ
265 342 458 390 τούτΩν,
489 342 598 384 unde
623 343 907 397 reponendum
934 341 979 382 τὸ
1009 342 1173 383 τού-[ΩΙ
1203 343 1507 393 παρακείμενον.
1542 343 1692 386 Paullo

119 416 212 466 post
243 411 337 469 lege
369 413 591 464 οέρξΟμεθα
627 413 666 454 δὲ
699 414 836 464 μικρὸν
868 411 1012 453 ἄνωθεν
1044 425 1117 466 pro
1147 412 1376 464 ἀρξώμεθα.

177 550 223 592 In
266 552 289 605 ξ
332 550 430 592 115.
464 552 618 593 dicitur
649 551 913 609 Pythagoras
944 552 1018 593 diu
1051 555 1092 594 et
1123 551 1311 594 multum
1343 553 1573 595 meditatus
1606 566 1693 594 esse

118 621 150 662 εἰ
193 619 272 672 ἄρα
319 620 480 663 δύναιτο
513 628 563 673 τῇ
594 622 694 674 ἀκοῇ
726 621 913 671 βοήθειαν
946 638 1036 664 τινα
1069 624 1279 674 ὀργανικὴν
1311 623 1516 670 ἐπινοῆσαι
1536 647 1589 652 -
1609 619 1692 663 οἵαν

118 693 138 740 ἦ
181 691 256 741 μὲν
297 690 388 743 ὄψις
426 691 492 732 δια
534 695 603 732 τοῦ
646 691 842 742 διαβήτου
884 692 953 734 καὶ
996 693 1062 734 δια
1106 696 1175 734 τοῦ
1224 692 1384 740 κανόνος
1422 689 1479 734 ”H
1521 694 1564 740 νὴ
1604 692 1689 733 Δία

117 767 214 803 ΔΙΑ
259 760 449 812 διόπτρας
490 760 603 812 ἔχει,
641 763 661 810 ἦ
696 762 729 803 δ’
763 762 852 814 οὶφὴ
888 762 953 804 διὰ
987 766 1056 805 τοῦ
1091 763 1214 815 ζυγοῦ
1248 764 1269 813 ἢ
1305 764 1370 805 δια
1402 769 1475 811 τῆς
1507 768 1583 805 τῶν
1614 763 1691 814 με’-

115 847 212 883 τρων
245 831 432 877 ἐπινοίαις.
498 832 622 873 Nunc
656 832 851 887 quidem,
884 836 933 874 ut
963 834 1261 888 Aristophanes
1293 834 1422 875 dixit:

448 903 464 943 ὁ
504 902 602 948 Ζεὺς
637 903 792 952 γέλοιος
827 903 1042 953 ὀμνύμενος
1076 909 1157 950 τοῖς
1192 903 1346 945 εἰδόσιν.

115 987 196 1015 non
240 973 379 1028 potuit
421 973 534 1013 enim
566 974 750 1027 ineptius
782 974 825 1019 νὴ
861 973 945 1013 Δία
978 987 1104 1028 quam
1136 973 1221 1016 h.1.
1258 975 1465 1029 interponi
1476 988 1486 1024 ;
1521 975 1591 1017 sed
1621 989 1693 1016 na-

115 1047 207 1084 tum
241 1046 303 1085 est
335 1058 385 1085 ex
416 1043 551 1085 literis
581 1045 733 1085 vicinis
766 1049 914 1085 ΗΔΙΑ.

173 1184 221 1225 In
264 1185 285 1237 ξ
330 1182 428 1225 ]18.
470 1183 541 1230 τὴν
579 1187 774 1234 γλῶσσαν
805 1183 845 1225 δὲ
878 1184 946 1225 καὶ
980 1185 1050 1232 τὴν
1083 1189 1206 1235 χεῖρα
1238 1184 1307 1227 καὶ
1341 1186 1412 1231 τὴν
1443 1184 1579 1232 οέκοήν.
1642 1186 1690 1227 In

113 1255 159 1296 F.
203 1268 276 1309 pro
320 1255 392 1300 τὴν
433 1257 627 1303 γλῶσσαν
670 1257 733 1295 est
771 1256 930 1309 optima
962 1258 1003 1296 et
1035 1256 1255 1297 verissima
1286 1255 1410 1297 lectio
1442 1257 1688 1302 τυλώσοις

114 1326 155 1367 δὲ
188 1326 255 1366 καὶ
290 1326 361 1373 τὴν
393 1330 514 1377 χεῖρα
547 1324 589 1366 id
622 1328 684 1366 est
715 1323 954 1374 γυμνάσας.

172 1407 221 1448 In
263 1420 347 1461 sqq.
394 1406 440 1448 F.
488 1406 680 1447 exhibet:
724 1407 794 1454 τὴν
827 1407 900 1455 μὲν
934 1411 1009 1447 τῶν
1045 1407 1194 1458 χορδῶν
1230 1406 1356 1453 κοινὴν
1388 1382 1518 1454 οέπόοδ,
1552 1405 1594 1447 id
1629 1410 1691 1447 est

113 1475 321 1531 ἀπόδοσιν,
355 1476 426 1518 sed
457 1479 567 1518 recte
599 1475 804 1518 ἀπόδΕσιν
837 1477 919 1519 viri
952 1476 1064 1518 docti
1096 1477 1383 1518 emendarunt.

172 1617 219 1658 In
251 1618 273 1671 ξ
307 1615 403 1658 122.
439 1616 692 1666 ἐμπεσούσης
726 1615 800 1665 μέν
831 1632 928 1658 ποτε
964 1616 1117 1669 [παρα]
1146 1621 1228 1661 τοῖς
1254 1615 1545 1667 Κροτωνιάταις
1570 1616 1692 1667 ὁρμῆς

111 1692 349 1733 πολυτελεῖς
383 1687 578 1729 ποιεῖσθαι
613 1687 690 1732 τὰς
723 1687 897 1739 ἐκφορὰς
933 1686 1000 1728 καὶ
1034 1687 1202 1740 ταφάς,
1237 1686 1411 1728 delenda
1443 1690 1505 1728 est
1535 1687 1690 1742 impor-

112 1762 214 1800 tuna
244 1759 508 1813 praepositio.

172 1898 220 1940 In
263 1911 348 1953 sqq.
393 1899 530 1939 nescio
573 1898 665 1951 quis
706 1911 729 1938 a
766 1897 1012 1953 Pythagora
1045 1897 1254 1940 audivisse
1287 1911 1329 1938 se
1362 1897 1466 1938 dicit
1494 1897 1581 1948 περὶ
1614 1902 1690 1939 τῶν

115 1969 221 2010 θείων
261 1970 312 2013 ὠς
355 1969 386 2009 οἱ
430 1968 503 2017 μὲν
550 1966 776 2015 Ὀλύμπιοι
821 1973 913 2013 ταῖς
955 1971 1031 2007 τῶν
1066 1966 1228 2007 θυόντων
1263 1965 1691 2018 διαθέσεσι-προσέ-

112 2054 253 2092 χουσιν
272 2072 281 2087 ,
317 2039 349 2080 οἱ
384 2037 425 2079 δὲ
453 2036 598 2090 χθόνιοι
632 2037 884 2086 τούναντίον,
918 2038 1185 2092 perspicuum
1215 2040 1276 2078 est
1302 2036 1389 2087 περὶ
1418 2041 1493 2078 τῶν
1525 2043 1689 2080 ΘΕΩΝ

112 2123 198 2151 esse
241 2108 574 2157 emendandum,
619 2121 796 2162 quorum
840 2107 911 2149 alii
955 2107 1202 2157 Ὀλύμπιοι,
1247 2106 1318 2148 alii
1356 2106 1503 2159 χθόνιοι
1536 2110 1619 2149 sint
1651 2113 1692 2151 et

112 2179 315 2221 dicantur.

169 2318 218 2359 In
260 2318 405 2359 eadem
438 2318 473 2371 ξ.
506 2316 682 2372 legitur:
718 2316 748 2356 οἱ
783 2316 857 2364 μὲν
890 2314 1113 2364 Ὀλύμπιοι
1150 2315 1260 2370 (θεοὶ)
1288 2321 1382 2362 ταῖς
1412 2320 1487 2357 τῶν
1523 2316 1687 2360 θυόντων

112 2387 379 2430 διαθέσεσι-
401 2386 689 2438 προσέχουσιν,
725 2387 756 2426 οἱ
791 2386 829 2426 δὲ
862 2385 1083 2437 χθόνιοι-
1103 2390 1183 2430 τοῖς
1219 2391 1393 2434 ΚΩμοις
1429 2386 1496 2427 καὶ
1527 2388 1690 2439 θρήνοις,

112 2458 170 2500 ἔτι
217 2458 256 2500 δὲ
299 2463 392 2504 ταῖς
433 2457 622 2509 συνεχέσι
655 2461 776 2507 χοαῖς
797 2455 1094 2507 -χαίρουσιν,
1157 2455 1251 2497 Dici
1283 2469 1365 2497 non
1396 2461 1533 2511 potest
1563 2472 1690 2513 quam

112 2530 167 2570 sit
197 2530 389 2582 ineptum
422 2527 580 2573 κώμοις.
644 2526 786 2567 Bonus
817 2527 1022 2579 interpres
1052 2530 1214 2567 narrat:
1255 2526 1436 2580 „inferos
1478 2552 1523 2557 —
1556 2543 1692 2570 comes-

110 2599 327 2640 sationibus
362 2623 415 2627 —
444 2595 653 2650 yazacle⁷·e.''
687 2597 804 2650 quasi
836 2595 907 2636 Dii
939 2595 1061 2636 inferi
1093 2599 1141 2636 ut
1174 2595 1474 2637 adolescentuli
1516 2596 1690 2641 liberius

111 2670 301 2711 viventes
337 2667 561 2709 temulenti
595 2680 645 2707 ex
677 2665 812 2720 epulis
844 2670 1090 2706 comessatum
1122 2666 1182 2706 ire
1213 2665 1404 2707 solerent.
1468 2666 1516 2708 In
1547 2668 1592 2709 F.
1627 2674 1690 2711 est

113 2743 193 2784 τοῖς
238 2745 413 2788 κΟμοις,
462 2739 506 2777 in
547 2750 628 2790 quo
663 2735 767 2777 latet
797 2740 879 2780 τοῖς
911 2740 1124 2784 κομΜοῖς,
1161 2750 1265 2790 quae
1299 2750 1396 2777 cum
1428 2741 1510 2783 τοῖς
1545 2737 1686 2789 θρήνοις

113 2807 325 2862 aliquanto
355 2806 510 2848 melius
541 2809 790 2861 congruunt.

174 2931 220 2972 In
263 2933 285 2986 ἓ
332 2931 428 2974 123.
473 2932 628 2974 dicitur
669 2932 686 2973 ὁ
717 2930 864 2979 ’Ἀιδης
898 2931 988 2978 τοὺς
1022 2930 1097 2981 μὲν
1129 2932 1296 2984 οὶφελῶς
1329 2931 1450 2973 αὐτὸν
1482 2936 1687 2982 τιμῶντας

243 3016 296 3049 ll.
1456 3004 1496 3032 ‘24
