1946 3298
921 143 1005 187 546

236 268 299 313 Ti.
335 268 512 313 Gracch.
550 270 587 312 1.
625 270 693 311 18.
708 270 898 338 jfzcdbvo
926 269 1086 316 παῖδας
1119 294 1172 300 -
1204 268 1507 312 καταλιπόντα.
1554 269 1603 311 In
1631 269 1752 312 libris

174 343 359 397 antiquis
398 341 658 384 scribebatur
701 348 749 382 1ss
785 341 967 390 παῖδας,
1002 340 1046 382 id
1079 342 1142 381 est
1175 339 1350 390 δώδεκα,
1385 354 1468 382 non
1501 343 1549 382 ut
1581 338 1752 382 infimae

175 413 325 454 aetatis
357 412 549 454 homines
582 410 776 453 dicebant
810 410 990 453 δεκαδυο.

237 551 301 593 Ti.
336 550 513 594 Gracch.
548 550 589 592 2.
623 550 691 593 22.
733 552 779 594 O.
815 552 1039 600 Gracchus,
1074 553 1123 597 ὡς
1153 552 1185 592 οἱ
1216 550 1303 602 περὶ
1337 554 1510 601 Δροῦσον
1544 552 1752 605 ἤλεγχον,

175 623 378 675 δέλφικας
417 623 611 674 οέργυροῦς
656 622 820 674 ε’πρίατο
853 627 974 671 τιμῆς
1010 623 1064 668 εἷς
1101 622 1250 669 ἓκαςην
1283 622 1426 671 λίτραν
1461 622 1656 674 δραχμῶν
1688 639 1752 676 χι-

176 695 270 736 λίων
313 693 381 734 καὶ
425 693 633 735 διακοσίων
675 694 943 742 πεντήκοντα.
1009 692 1058 733 In
1100 693 1222 734 libris
1270 696 1333 734 est
1378 692 1600 744 δελφῖνας,
1645 693 1755 748 quod

175 779 257 807 non
297 778 384 806 esse
420 764 679 806 movendum
713 765 896 806 ostendit
922 764 1090 805 Plinius
1121 763 1178 805 H,
1215 763 1268 805 Ν.
1302 763 1504 804 XXXIII.
1541 763 1609 805 11.
1647 765 1756 813 „del-

171 836 314 890 phinos
341 835 474 890 quinis
500 835 675 875 millibus
702 839 891 876 sestertiis
918 835 961 875 iu
987 836 1110 875 libras
1139 839 1254 875 emtas
1286 835 1325 876 C.
1353 834 1553 874 Gracchus
1578 834 1756 875 habuit.''

179 906 377 948 Sumtum
411 907 489 948 hoc
522 910 607 956 est,
641 910 690 948 ut
722 906 978 948 Plutarchus
1009 906 1192 959 indicat,
1225 919 1276 946 ex
1309 907 1496 947 oratione
1532 904 1595 946 M.
1628 904 1756 946 Drusi

177 975 222 1018 O.
269 977 317 1018 F.
363 981 458 1032 „qui
499 981 541 1017 in
584 977 790 1018 tribunatu
836 976 884 1019 C.
920 977 1133 1018 Gracchum
1167 978 1347 1030 colleqam
1380 977 1523 1018 iterum
1556 977 1757 1018 tribunum

167 1046 341 1101 freqit.''
391 1047 479 1089 Cic.
514 1049 558 1089 in
591 1048 720 1088 Bruto
754 1062 840 1103 cap.
878 1046 952 1088 28.

238 1188 302 1230 Ti.
349 1187 525 1232 Gracch.
568 1188 608 1230 2.
653 1189 724 1230 29.
768 1187 851 1230 ἕθεν
885 1189 952 1229 καὶ
982 1187 1175 1238 βοήθημα
1207 1193 1278 1234 τῆς
1313 1187 1505 1237 ἐκτροπῆς
1539 1186 1754 1235 ἐποιήσατο

179 1259 333 1308 ταύτης
373 1259 440 1300 τὸν
476 1260 652 1301 Λικίνιον
685 1259 840 1307 οἰκέτην
874 1261 942 1301 οὐκ
974 1259 1161 1306 ἀνόητον,
1198 1255 1237 1303 ὃς
1271 1257 1376 1309 ἔχων
1411 1258 1666 1309 φωνασκικὸν
1699 1257 1757 1309 ἕρ·

179 1346 302 1381 γανον
335 1355 392 1361 -
423 1330 584 1372 ἕπισθεν
627 1331 721 1377 ἑςὼς
768 1334 838 1371 τοῦ
872 1330 994 1371 Γαΐου
1029 1329 1219 1379 λέγοντος
1253 1329 1425 1374 ὁπηνίκα
1458 1329 1757 1379 τραχυνόμενον

179 1400 353 1442 αἴσθοιτο
388 1408 438 1454 τῇ
472 1406 586 1454 φωνῇ
622 1401 689 1442 καὶ
726 1406 1187 1451 παρΑΡΡΗΓΝὙμενον
1222 1399 1270 1440 δι’
1304 1400 1422 1449 ἐργην
1450 1399 1620 1440 ἐνεδίδου
1649 1398 1758 1441 τόνον

179 1472 387 1522 μαλακόν.
452 1470 597 1515 Cicero
631 1474 678 1514 de
717 1473 881 1514 Oratore
912 1471 986 1513 III.
1023 1471 1089 1513 60.
1126 1470 1227 1512 225.
1258 1471 1386 1520 „idem
1417 1471 1615 1511 Gracchus
1643 1474 1761 1526 (quod

171 1548 285 1597 potes
317 1544 480 1598 audire,
518 1544 681 1593 Catule,
717 1560 762 1585 ea·
794 1543 949 1584 Licinio
983 1543 1124 1583 cliente
1156 1547 1240 1594 tuo,
1271 1543 1427 1582 literato
1453 1542 1622 1590 homine,
1651 1556 1760 1596 quem

179 1630 331 1656 servum
363 1615 441 1656 sibi
471 1616 541 1655 ille
570 1616 708 1656 babuit
741 1616 794 1655 ad
824 1615 994 1668 manum)
1026 1629 1110 1656 cum
1138 1613 1347 1654 eburneola
1372 1613 1513 1653 solitus
1541 1617 1595 1652 est
1621 1612 1760 1653 habere

177 1687 319 1736 fistula
360 1687 429 1741 qui
470 1692 592 1728 staret
632 1688 780 1728 occulte
814 1691 904 1740 post
936 1685 1063 1739 ipsum
1098 1700 1212 1740 quum
1244 1684 1561 1733 contionaretur,
1590 1684 1760 1737 peritum

180 1756 390 1807 bominem,
424 1758 493 1812 qui
525 1758 685 1812 inflaret
717 1758 893 1798 celeriter
926 1771 1009 1797 eum
1041 1771 1175 1797 sotium
1206 1770 1280 1810 quo
1313 1755 1426 1795 illum
1460 1758 1528 1794 aut
1561 1754 1760 1795 remissum

180 1831 367 1869 excitaret
409 1833 479 1869 aut
517 1844 541 1868 a
572 1832 813 1869 contentione
844 1826 1080 1868 revocaret.'’
1142 1825 1205 1867 Ex
1236 1825 1304 1867 his
1335 1824 1626 1881 indagandum
1659 1824 1761 1880 quid

179 1897 310 1940 lateat
342 1899 386 1940 in
419 1900 800 1950 παραρρηγνύμενον
834 1898 882 1939 δι’
916 1898 1057 1948 ὀργήν,
1092 1911 1274 1952 namque
1306 1896 1408 1938 haec
1437 1894 1673 1952 significare
1699 1896 1761 1936 ira

181 1969 374 2023 disrumpi
404 1971 498 2025 quis
531 1972 637 2012 serio
671 1967 837 2011 credet?
887 1968 1095 2022 Disrumpi
1126 1971 1188 2009 est
1221 1968 1488 2019 διαρραγῆναι
1521 1966 1648 2020 (unde
1675 1980 1761 2008 cre-

180 2040 306 2082 brum
331 2039 437 2082 illud
469 2041 725 2092 διαρραγείης
759 2039 1071 2093 Comicorum),
1100 2043 1141 2081 et
1168 2038 1360 2092 disrumpi
1387 2038 1542 2079 dicitur
1573 2039 1666 2093 quis
1698 2038 1760 2078 in·

179 2111 309 2160 vidia,
345 2125 427 2153 non
458 2111 546 2165 ira,
580 2125 714 2166 neque
747 2112 806 2152 sie
840 2110 888 2152 δι’
923 2111 1043 2160 ὀργήν
1076 2115 1164 2152 erat
1197 2109 1422 2152 dicendum
1455 2109 1527 2151 sed
1560 2114 1610 2160 τῇ
1644 2108 1756 2160 ὀργῇ.

182 2180 404 2237 Scripsisse
450 2181 731 2224 Plutarchum
778 2182 957 2223 arbitror
987 2180 1274 2232 παρΗΓμένον.
1338 2180 1449 2222 Noto
1482 2183 1524 2222 et
1552 2181 1761 2235 frequenti

180 2264 261 2292 usu
294 2251 499 2304 παράγειν
533 2257 595 2294 est
627 2257 891 2293 transversum
923 2267 1051 2305 aqere.

243 2391 307 2434 Ti.
353 2392 532 2436 Gracch.
579 2392 620 2434 4.
656 2391 697 2434 4.
726 2392 907 2438 ’Ἄππιος
944 2389 1144 2436 Κλαύδιος
1178 2391 1272 2442 ἀνὴρ
1306 2391 1504 2436 ὑπατικὸς
1539 2390 1608 2431 καὶ
1641 2407 1759 2441 τιμη·

183 2462 292 2508 τικὸς
334 2464 402 2504 καὶ
447 2462 815 2515 προγεγραμμένος
857 2465 951 2503 κατ’
995 2461 1160 2511 α’ξίωμα
1210 2467 1282 2510 τῆς
1332 2461 1541 2509 Ῥωμαίων
1590 2461 1759 2511 βουλῆς.

183 2534 345 2588 Appius
373 2533 577 2575 Claudius
604 2533 833 2576 consularis
861 2537 902 2575 et
929 2533 1139 2575 censorius
1169 2536 1212 2574 et
1238 2534 1431 2588 princeps
1458 2531 1656 2587 Senatus,
1688 2534 1758 2588 qui

184 2603 249 2645 Ti.
283 2603 471 2646 Graccho
498 2603 631 2646 filiam
663 2605 708 2645 in
739 2605 1062 2645 matrimonium
1097 2603 1234 2652 dedit,
1266 2608 1327 2645 est
1355 2604 1515 2645 Arrrus
1543 2602 1762 2645 CLAUDms

184 2674 413 2723 PULCHER,
456 2676 529 2729 qui
567 2674 723 2716 Consul
763 2675 846 2716 fuit
891 2688 996 2716 anno
1038 2673 1123 2715 143
1172 2678 1213 2717 et
1245 2689 1461 2717 censuram
1493 2675 1626 2731 gessit
1657 2687 1762 2716 anno

186 2745 271 2787 136
307 2744 352 2801 ²).
398 2745 543 2787 Cicero
585 2746 632 2786 de
676 2745 774 2798 Rep.
814 2745 846 2786 I.
884 2745 951 2786 19.
995 2753 1065 2799 „ut
1102 2745 1264 2800 videtis,
1296 2761 1397 2787 mors
1432 2746 1487 2786 Ti.
1526 2745 1693 2786 Gracchi
1726 2750 1762 2786 et

232 2902 266 2945 1)
293 2906 370 2936 Vide
393 2906 626 2938 annotationem
653 2905 770 2936 Valesii
795 2908 824 2935 et
847 2905 981 2936 Fabricii
1007 2905 1044 2935 ad
1071 2906 1202 2938 Dionem
1228 2905 1367 2937 Cassium
1393 2905 1476 2937 Tom.
1506 2904 1530 2935 Ι.
1556 2915 1623 2948 pag.
1652 2905 1701 2935 36.
