1946 3298
980 134 1065 180 300

294 265 398 324 Pag.
434 265 531 309 727.
568 263 608 306 6.
642 264 847 307 ἐδεδοίκειν
878 265 935 314 μη
968 263 1022 314 τῷ
1054 264 1193 303 τοῦτον
1227 260 1517 311 ἐξεληλακέναι
1551 267 1622 311 τῆς
1657 262 1810 310 πόλεως

235 339 511 389 ἀτυχήσωμεν
545 339 614 378 τοῦ
646 335 850 386 μαντείου.
901 332 1023 375 Nihil
1054 333 1154 373 huic
1185 332 1276 374 loco
1303 332 1418 374 deest
1443 336 1606 387 praeter
1630 334 1812 391 negandi

234 407 507 464 particulam:
543 407 597 458 τῷ
631 409 769 448 τοῦτον
803 410 914 447 OTK
947 402 1253 452 ἐξεληλακέναι.

295 549 400 605 Pag.
446 546 549 590 728.
582 546 620 588 8.
657 546 698 587 τί
730 547 793 588 δεῖ
820 546 886 587 τὸν
922 543 1056 585 παῖδα
1089 543 1209 593 θύειν,·
1230 568 1284 573 -
1305 544 1381 594 οὐχ
1414 544 1431 584 ὂ
1464 549 1563 590 παῖς
1596 544 1660 585 διὰ
1694 549 1810 588 τοῦτο

236 620 304 672 ζῆν
337 618 445 668 ἄξιος
480 619 577 659 ἀλλ’
611 614 721 664 οὗτος
755 616 1032 668 προστΕθῆναι
1066 615 1120 666 τῷ
1154 613 1282 656 παιδί.
1318 613 1421 670 Leg.
1456 616 1749 666 προστΥθῆνοιι.

295 759 496 801 Libanius
527 757 599 799 IV.
632 771 728 814 pag.
768 756 864 800 760.
903 756 972 798 10.
1007 753 1099 796 καθ’
1129 753 1312 805 ἑκάτερον
1342 753 1424 805 γαρ
1454 754 1580 802 αὐτὴν
1609 758 1811 808 συκοφαν-

235 831 400 871 τοῦσθοιι
446 827 717 878 ἐπιδείξομεν,
766 830 1003 869 monstrum
1050 826 1129 867 hoc
1176 826 1405 880 scripturae
1450 838 1533 867 non
1579 826 1810 868 scribarum

235 903 342 944 vitio
383 903 532 942 natum
575 903 636 940 est
679 898 751 940 sed
792 911 957 947 eorum,
1003 897 1076 951 qui
1122 895 1327 937 Codicum
1373 894 1648 952 legendorum
1696 900 1812 938 erant

233 973 435 1027 imperiti.
497 969 598 1011 Erat
639 971 924 1021 συκοφαντοῦσ
968 981 1065 1009 cum
1109 965 1396 1021 compendiolo
1440 965 1628 1022 syllabae
1665 983 1714 1008 αν
1745 981 1813 1009 su-

233 1043 486 1098 perscripto,
531 1043 571 1081 et
613 1041 671 1081 sic
712 1052 811 1081 vera
855 1038 981 1080 lectio
1029 1040 1394 1090 συκοφαντοῦσαν
1442 1038 1623 1092 pessime
1670 1038 1813 1093 depra-

232 1116 330 1156 vata
362 1115 436 1155 est.

292 1251 399 1308 Pag.
433 1249 533 1294 775.
569 1249 638 1292 19.
671 1249 740 1291 καὶ
774 1248 877 1301 πόθῳ
912 1247 1231 1302 φΘΕΓγόμενος
1262 1250 1431 1304 irrepsit
1461 1262 1535 1304 pro
1571 1248 1812 1302 φΛΕγόμε-

235 1340 318 1375 νος,
352 1320 561 1364 tralaticio
594 1333 738 1362 errore.

294 1466 495 1507 Libanius
538 1463 609 1505 IV.
656 1460 756 1506 777.
802 1461 870 1503 18.
913 1468 963 1514 τῇ
1006 1461 1352 1512 πόλει-βεβαίαν
1393 1461 1616 1513 ἐλευθερίαν
1660 1461 1811 1505 οένύσει.

234 1534 442 1579 Mendum
474 1539 536 1577 est
568 1535 611 1576 in
646 1532 797 1575 οἷνύσει.
846 1533 961 1588 Lege
995 1532 1246 1583 ἐλευθερίΑΝ
1282 1531 1391 1573 οἴσει.
1441 1531 1557 1574 Male
1583 1534 1810 1588 repetitum

233 1610 310 1649 AN
355 1605 535 1647 alterum
576 1603 780 1645 mendum
817 1604 978 1657 peperit
1019 1609 1050 1643 T
1096 1616 1169 1657 pro
1220 1608 1301 1652 OI,
1345 1606 1394 1644 ut
1441 1604 1609 1657 passim.
1678 1603 1810 1655 Φέρειν

234 1676 460 1728 ἐλευθερίαν
493 1673 650 1717 Graece
683 1674 836 1715 dicitur
867 1676 916 1714 ut
948 1674 1093 1728 afferre
1123 1673 1339 1722 libertatem
1370 1673 1531 1715 Latine.

292 1816 494 1859 Libanius
526 1814 595 1856 IV.
629 1813 728 1857 778.
765 1813 836 1856 27.
866 1813 1057 1862 τοιαύτην
1085 1812 1330 1866 ἐγκολαψας
1359 1812 1492 1855 εἰκόνα
1521 1813 1574 1865 τῷ
1602 1813 1808 1864 μνήματι*

232 1891 332 1940 γυνή
377 1887 451 1937 μέν
494 1887 551 1930 ἐςι
586 1885 788 1934 καθημένη
812 1910 862 1916 —-
883 1884 1084 1934 λελυμένη
1119 1884 1209 1930 τοὺς
1244 1883 1481 1934 πλοκάμους
1516 1884 1583 1925 καὶ
1615 1885 1807 1937 κατηφὴς

231 1959 299 2001 καὶ
333 1957 516 2008 λέγουσα
549 1956 670 1998 ταδε·
706 1958 726 2004 ἡ
761 1955 924 1997 πάντων
957 1954 1138 2007 κρατέειν
1172 1953 1362 1996 ἐθέλουσα
1396 1955 1599 2006 τυραννὶς,
1635 1954 1695 2003 ἥδ’
1729 1956 1808 2005 ἐγὼ

231 2031 252 2078 ή
295 2030 460 2079 τλήμων
502 2027 679 2080 ἕλοφύρω
723 2025 864 2068 οὔνεκα
902 2027 1064 2078 κούρης,
1099 2032 1148 2078 τῇ
1183 2024 1246 2066 έπι
1281 2025 1404 2066 πόλλ’
1437 2023 1581 2067 ἔπαθον
1615 2025 1809 2067 ποθέουσα

234 2117 279 2142 τε
312 2100 550 2152 μαρναμένη
584 2114 640 2139 τε.
706 2097 908 2139 Feramus
938 2096 1146 2138 laboranti
1177 2099 1323 2151 poetae
1356 2109 1487 2151 opem.
1553 2095 1748 2138 Dixerat:

474 2167 530 2217 ἥδ’
565 2169 644 2219 ἐγὼ
679 2169 700 2217 ή
731 2168 892 2209 πάντων
925 2168 1106 2218 κρατέειν
1140 2166 1330 2208 ἐθέλουσα
1360 2166 1562 2219 τυραννίς,

470 2239 528 2289 ἥδ’
563 2240 641 2290 ἐγὼ
676 2239 696 2287 ή
729 2239 895 2288 τλήμων
926 2237 1178 2290 ἐλοφύρομαι
1211 2236 1352 2280 οὕνεκα
1385 2237 1548 2292 κούρης,

471 2317 520 2363 τῇ
555 2308 620 2351 ἔπι
654 2308 777 2351 πόλλ’
813 2308 957 2350 ἔπαθον
989 2308 1185 2350 ποθέουσα
1217 2325 1263 2350 τε
1295 2307 1531 2360 μαρναμένη
1564 2324 1625 2350 τε.

230 2386 415 2438 λέγουσα
449 2381 550 2423 τάδε
581 2382 762 2437 pertinet
794 2380 846 2422 ad
878 2381 1141 2437 epigramma
1168 2380 1213 2421 in
1239 2380 1329 2421 basi
1357 2382 1519 2421 statuae
1545 2379 1807 2435 inscriptum.

289 2525 394 2582 Pag.
441 2522 540 2566 779.
587 2519 653 2562 19.
700 2521 766 2562 καὶ
809 2527 938 2573 γῆρας
982 2521 1055 2573 ὀψὲ
1100 2521 1170 2567 την
1205 2519 1428 2573 ἐλευθερίαν
1459 2521 1804 2571 ’ΛΠΟμανθοὲνον,

230 2597 399 2651 Repone
432 2591 802 2641 ΜΕΤΑμανθοένον
835 2606 885 2633 ex
917 2592 1134 2633 decantato
1166 2591 1255 2633 loco
1287 2592 1506 2634 Aeschinis
1534 2605 1632 2648 pag.
1668 2591 1736 2634 ¹76.
1766 2593 1805 2634 4.

231 2664 469 2720 πρεσβύτας
500 2662 748 2716 ἀνθρώπους,
777 2661 1053 2714 πρεσβύτιδας
1082 2667 1285 2712 γυναῖκας
1314 2662 1387 2714 ὀψὲ
1414 2661 1805 2712 μεταμανθάνοντας

229 2739 301 2787 την
333 2734 571 2787 ἐλευθερίαν.

293 2875 494 2919 Libanius
535 2871 606 2914 IV.
648 2885 745 2929 pag.
793 2870 888 2915 780.
938 2872 1007 2915 15.
1042 2873 1058 2914 ὁ
1093 2872 1132 2915 δὲ
1166 2872 1234 2914 καὶ
1269 2875 1319 2928 τῇ
1353 2872 1515 2925 πατρίδι
1542 2873 1806 2929 (γεγενῆσθαι
