1946 3298
935 174 1020 218 430

423 312 661 346 IAMBLIGHU
663 311 684 344 S
689 333 698 343 .
1225 306 1487 345 PORPHYRIUS
1492 333 1500 343 .

486 375 508 428 ξ
541 371 641 414 233.
1294 373 1317 428 ξ
1349 372 1419 415 59.

244 444 385 487 Ἀλλὰ
413 445 492 494 μην
520 443 768 495 τεκμήραιτο
797 441 846 484 ἄν
874 458 933 488 τις
1074 444 1398 494 Τεκμηραίμεθα
1442 441 1506 490 δέ,
1550 440 1652 494 φησι
1686 447 1764 484 ΝΙ-

1016 519 1313 561 KOMAXOC,
1344 512 1430 564 περὶ
1454 515 1522 554 τοῦ
1547 513 1605 562 μὴ
1623 511 1765 564 παρέρ-

1016 600 1098 634 γως
1119 583 1264 629 αὐτοὺς
1292 584 1369 629 τοὶς
1394 583 1613 633 ἀλλοτρίας
1634 582 1765 624 ἐκκλί-

1016 670 1091 696 νειν
1115 654 1262 706 φιλίας
1281 653 1398 696 ἄλλα
1417 651 1524 694 πάνυ
1542 652 1764 700 σπουδαίως

1016 722 1316 776 περικάμπτειν
1342 723 1475 769 αὐτας
1505 722 1573 764 καὶ
1596 721 1764 775 φυλάτ-

184 515 252 557 κα)
298 515 384 566 περὶ
428 518 497 556 τοῦ
531 516 588 563 μη
622 513 830 565 παρέργως
867 514 937 554 αὐ-

182 585 248 628 τὸν
281 586 358 631 τας
393 585 614 634 οέλλοτρίας
647 584 840 625 ἐκκλίνειν
869 586 936 634 <Dc-

182 657 276 702 λίας
317 655 434 697 ἄλλα
467 655 535 696 καὶ
570 654 677 697 πάνυ
711 653 934 699 σπουδαίως

183 725 484 777 περικάμπτειν
513 726 646 772 αὐτας
673 725 742 768 καὶ
772 722 936 778 φυλατ-

182 797 322 839 τεσθαι
353 796 422 838 καὶ
457 796 544 848 περὶ
577 797 691 838 τοῦδε
726 795 790 852 (L.
822 795 934 847 παρα

183 867 304 921 τόδε).
350 865 475 920 μέχρι
517 870 678 908 πολλῶν
713 870 858 917 γενεῶν
890 866 935 908 τὸ

183 937 346 991 φιλικὸν
375 937 470 988 πρὸς
499 938 704 985 ἀλλήλους
735 937 936 980 ανένδοτον

185 1007 514 1060 διατετηρηκέναι
547 1006 591 1049 ἔκ
623 1024 669 1049 τε
702 1004 750 1049 ὧν
781 1007 937 1060 Ἀριςό-

184 1077 292 1128 ξενος
341 1078 379 1119 ἐν
425 1080 479 1130 τῷ
531 1078 617 1129 περὶ
661 1079 935 1131 Πυθαγορικοῦ

1015 796 1174 836 τεσθαι·
1209 794 1276 836 καὶ
1311 796 1390 844 μὴν·
1419 793 1503 846 περὶ
1538 796 1608 835 τοῦ
1640 792 1766 847 μέχρι

1016 869 1175 908 πολλῶν
1218 869 1363 916 γενεῶν
1401 865 1445 907 τὸ
1479 864 1642 917 φιλικὸν
1671 864 1765 916 πρὸς

1015 936 1221 985 ἀλλήλους
1265 935 1468 977 οὶνένδοτον
1503 935 1649 982 αὐτοὺς
1682 935 1766 977 δια-

1015 1006 1274 1060 τετηρηκέναι
1308 1006 1375 1048 καὶ
1411 1005 1454 1055 ἐξ
1487 1004 1535 1047 ὧν
1567 1004 1767 1057 ’Apes-0¹55-

1015 1093 1075 1125 νος
1119 1078 1158 1119 ἐν
1201 1078 1255 1130 τῷ
1300 1078 1385 1129 περὶ
1430 1081 1498 1119 τοῦ
1532 1076 1767 1128 Πυθαγόρου

1016 1149 1106 1199 βίου
1163 1148 1285 1193 αὐτὸς
1345 1146 1600 1195 διακηκοέναι
1663 1145 1765 1199 φησι

1017 1219 1222 1260 Διονυσίου
1251 1221 1320 1260 τοῦ
1351 1219 1545 1265 Σικελίας
1575 1217 1766 1269 τυράννου

185 1152 276 1203 βίου
339 1150 462 1197 αὐτὸς
520 1147 771 1196 διακηκοέναι
833 1149 934 1201 φησὶ

186 1220 392 1264 Διονυσίου
419 1223 488 1262 τοῦ
521 1220 716 1265 Σικελίας
746 1219 934 1271 τυράννου

183 1292 251 1335 ὅτε
269 1292 446 1333 ἐκπεσὼν
463 1296 535 1339 τῆς
554 1289 784 1342 μοναρχίας
801 1289 934 1342 γραμ-

183 1379 304 1415 ματα
331 1363 369 1404 ἐν
395 1361 558 1414 Κορίνθῳ
579 1360 797 1402 ἐδίδασκεν.
834 1360 933 1408 Φησὶ

184 1433 265 1486 γὰρ
295 1431 414 1479 οὕτως
444 1432 460 1474 ὅ
490 1431 756 1483 Ἀριςόὲενος·
779 1431 936 1473 Οἵκτων

184 1503 225 1546 δὲ
260 1503 326 1545 καὶ
362 1502 539 1555 δακρύων
572 1501 640 1544 καὶ
672 1500 834 1543 πάντων
860 1506 936 1542 τῶν

1016 1286 1073 1330 ἔτ’
1097 1289 1274 1330 ἐκπεσὼν
1292 1295 1363 1337 τῆς
1382 1289 1610 1341 μοναρχίας
1629 1289 1766 1340 γράμ-

1015 1376 1136 1410 ματα
1161 1360 1200 1401 ἐν
1225 1360 1389 1412 Κορίνθῳ
1411 1359 1629 1401 ἐδίδασκεν.
1666 1358 1766 1407 Φησὶ

1017 1429 1050 1470 δ’
1094 1427 1237 1474 οὕτως·
1283 1429 1441 1471 Οἴκτων
1483 1429 1551 1471 καὶ
1590 1429 1767 1481 δακρύων

1015 1500 1083 1542 καὶ
1117 1499 1280 1542 παντων
1312 1504 1388 1542 τῶν
1420 1501 1602 1543 τοιούτων
1636 1499 1767 1553 εἴργε-

1016 1572 1105 1612 σθαι
1153 1571 1244 1618 τοὺς
1289 1570 1433 1624 ἄνδρας
1478 1571 1669 1621 ἐκείνους,
1715 1573 1765 1619 ὡς

1015 1642 1229 1694 ἐνδέχεται
1272 1641 1448 1691 pedm-x.
1495 1642 1512 1683 ὁ
1561 1643 1683 1689 αὐτὸς
1727 1643 1767 1684 δὲ

183 1574 368 1616 τοιούτων
414 1572 615 1624 εἴργεσθαι
657 1572 750 1618 τοὺς
789 1571 934 1624 ἄνδρας

185 1644 379 1693 ἐκείνους,
426 1645 475 1690 ὡς
510 1643 721 1696 ἐνδέχεται
755 1642 933 1694 μαλιςα.

184 1716 201 1758 o‘
248 1716 370 1761 αὐτὸς
415 1714 455 1756 δὲ
489 1714 612 1765 λόγος
646 1714 712 1755 καὶ
749 1713 834 1766 περὶ
869 1715 935 1755 θω-
1015 1713 1136 1763 λόγος
1166 1713 1233 1754 καὶ
1264 1713 1350 1765 περὶ
1381 1713 1554 1754 θωπείας
1585 1713 1651 1754 καὶ
1678 1713 1764 1762 δεή-

183 1785 305 1833 πείας
336 1785 404 1827 καὶ
434 1784 602 1834 δεήσεως
629 1785 697 1827 καὶ
725 1784 936 1831 λιτανείας
1015 1800 1112 1830 σεως
1153 1783 1220 1824 καὶ
1253 1783 1463 1831 λιτανείας
1498 1784 1565 1825 καὶ
1601 1783 1767 1826 πάντων

183 1856 251 1898 καὶ
284 1855 446 1898 πάντων
478 1860 553 1898 τῶν
585 1856 784 1898 τοιούτων.
975 1880 977 1918 ἱ
1014 1857 1091 1894 τῶν
1123 1852 1321 1897 τοιούτων.

244 1926 525 1969 Manifestum
559 1930 620 1969 est
651 1927 696 1968 in
729 1926 796 1968 his
828 1924 1112 1967 lamblichum
1146 1928 1187 1967 et
1218 1925 1504 1982 Porphyrium
1537 1925 1682 1968 eadem
1717 1927 1766 1969 de

182 1997 335 2040 iisdem
381 2011 428 2039 ex
476 1996 621 2039 eodem
666 1997 780 2039 fonte
822 1996 1002 2038 haurire.
1066 1995 1311 2038 N100MACH1
1339 1995 1440 2038 haec
1472 1998 1613 2038 omnia
1644 2000 1765 2048 sunt,

183 2081 310 2123 quem
347 2066 609 2123 Porphyrius
655 2067 807 2109 diserte
848 2065 1021 2114 laudat,
1065 2066 1322 2108 lamblichus
1366 2066 1414 2107 de
1455 2080 1571 2108 more
1613 2069 1765 2110 omisso

182 2138 352 2181 nomine
386 2136 596 2178 describit.
661 2137 724 2179 Ne
757 2137 849 2192 quis
881 2140 1021 2179 tamen
1057 2138 1271 2179 existimet
1302 2151 1348 2178 ea
1377 2137 1427 2178 ab
1456 2136 1688 2179 Iamblicho
1715 2152 1765 2180 ex

182 2208 420 2265 Porphyrio
462 2211 603 2249 sumta
645 2221 744 2248 esse.
809 2206 903 2249 Non
935 2211 997 2249 est
1029 2207 1138 2248 mihi
1171 2208 1283 2248 enim
1318 2207 1496 2248 dubium
1530 2209 1629 2262 quin
1662 2209 1769 2249 nihil

184 2279 336 2321 omnino
386 2292 435 2320 ex
483 2278 712 2334 Porphyrii
758 2276 865 2319 libro
911 2279 956 2319 in
1003 2292 1127 2319 suum
1175 2277 1434 2319 lamblichus
1476 2278 1760 2320 transfuderit.

183 2349 312 2392 Fallit
349 2349 487 2404 opinio
522 2362 589 2390 eos
622 2349 693 2403 qui
726 2349 890 2403 saepius
921 2348 1205 2390 lamblichum
1237 2362 1287 2390 ex
1321 2348 1555 2404 Porphyrio
1586 2348 1766 2403 pendere

184 2421 420 2475 opinantur.
483 2418 643 2460 Eadem
685 2421 782 2460 sunt
827 2419 937 2474 apud
978 2422 1208 2473 utrumque
1253 2420 1350 2473 quia
1392 2422 1567 2473 uterque
1601 2419 1764 2461 eosdem

182 2493 311 2532 testes
353 2492 394 2529 et
435 2492 624 2530 auctores
663 2489 925 2543 sequebatur.
989 2489 1249 2530 lamblichus
1282 2488 1412 2530 semel
1446 2488 1598 2530 diserte
1631 2490 1764 2531 nomi-

181 2563 255 2602 nat
296 2560 620 2607 Aristoxenum,
663 2558 973 2601 Nicomachum
1017 2564 1057 2601 et
1099 2558 1395 2614 Apollonium,
1443 2572 1545 2614 quos
1591 2560 1635 2600 in
1667 2561 1764 2601 scri-

182 2629 316 2672 bendo
343 2629 515 2670 haberet
547 2633 746 2670 auct-ores.
797 2627 1026 2684 Complura
1061 2643 1112 2671 ex
1143 2630 1292 2671 iisdem
1325 2629 1586 2685 Porphyrius
1618 2628 1764 2670 attulit

183 2699 325 2744 addito
366 2697 545 2739 fideliter
587 2700 767 2740 auctoris
805 2701 985 2741 nomine.
1052 2699 1311 2741 lamblichus
1343 2699 1486 2741 eadem
1519 2702 1659 2740 narrat
1688 2712 1762 2754 pro

182 2771 292 2819 suis,
336 2768 407 2810 sed
448 2767 585 2809 multo
629 2767 750 2822 plura
790 2772 831 2809 et
875 2769 1102 2824 copiosiora
1139 2784 1188 2811 ex
1221 2769 1366 2811 eodem
1399 2769 1506 2810 libro
1539 2770 1758 2824 expromit.

181 2838 385 2894 Exemplo
418 2842 539 2881 sunto
572 2851 675 2893 quae
709 2839 875 2893 scripsit
907 2839 1166 2882 lamblichus
1199 2840 1221 2895 ξ
1251 2839 1381 2895 2sqq.
1416 2839 1465 2881 de
1492 2839 1762 2896 Pythagorae

180 2910 412 2953 maioribus
447 2912 488 2951 et
524 2908 789 2964 parent-ibim,
824 2922 927 2964 quae
956 2923 1004 2952 ex
1030 2909 1253 2965 Apollonio
1277 2909 1484 2964 descripta
1512 2923 1598 2952 esse
1627 2912 1760 2953 osten-
