1946 3298
872 132 954 177 301

126 258 305 311 νομίζων)
347 259 440 311 ὑπὲρ
472 262 541 301 τοῦ
573 259 630 309 μη
661 257 815 306 ταύτην
849 258 1111 303 δουλωθεῖσαν
1144 260 1238 304 ἰδεῖν
1271 262 1313 303 οὐ
1348 265 1577 315 ΦΑΙΝεται
1611 277 1690 305 κιν-

125 330 235 372 δύνου
267 333 485 376 καλοῦντος
517 333 593 372 τῶν
626 329 801 378 παίδων,
835 330 922 372 imo
953 344 1052 372 vero
1084 331 1220 373 liberis
1250 332 1334 373 suis
1364 347 1441 373 non
1458 333 1620 387 parcit,
1654 333 1695 375 οὐ

125 402 364 453 φΕΙΔεται.

184 548 289 605 Pag.
337 546 433 590 781.
479 548 520 590 8.
562 547 679 589 ἀλλά
711 549 923 591 κινδυνεύει
958 556 1030 592 Cov
1062 550 1107 592 τὸ
1141 550 1266 593 αἴτιον
1300 553 1525 595 αἰτιᾶσθαι.
1592 553 1699 611 Leg.

124 620 368 662 κινδυνεύεις
400 621 450 661 οὐ
486 618 529 660 τὸ
561 619 688 661 αἴτιον
715 621 937 663 αἰτιᾶσθαι.

183 769 288 826 Pag.
324 767 420 810 782.
459 768 497 809 5.
527 766 657 821 άμφω
685 769 778 820 πρὸς
806 770 1011 819 ἀλλήλους
1040 771 1157 813 εἰπὼν
1186 771 1438 814 ΚΛΚωτικόν
1466 787 1504 814 τι
1533 773 1694 823 παθεῖν,

123 841 384 895 ineptissime
414 852 488 895 pro
520 838 741 881 ἘΞΡωτικόν
774 856 830 882 τι.

183 990 290 1047 Pag.
327 988 427 1033 788.
462 988 529 1033 17.
564 988 613 1031 ἂν
645 988 948 1043 ἀποσφάξηταί
979 1007 1044 1042 μοι
1078 992 1149 1040 την
1183 990 1294 1044 κόρην
1328 991 1590 1044 καταβάλλω
1624 994 1695 1041 την

124 1059 253 1104 πόλιν.
316 1061 420 1119 Leg.
452 1060 743 1114 ἀποσφάξητθ
775 1065 816 1104 et
847 1062 1097 1113 καταβαλῶ.

183 1212 386 1254 Libanius
429 1211 497 1254 IV.
541 1227 640 1270 pag.
689 1212 785 1256 789.
836 1212 904 1256 17.
941 1214 1053 1255 κατα
1086 1213 1204 1267 ζῆλον
1238 1213 1425 1266 ἡμέτερον
1461 1214 1700 1266 ἈΝέξεταί

124 1299 184 1330 τις
232 1283 303 1331 την
344 1282 479 1324 παῖδα
511 1286 673 1331 μάλλον
705 1284 938 1334 ἀποβαλεῖν
971 1284 991 1333 ἢ
1025 1283 1173 1337 δυνάςη
1205 1284 1298 1337 πρὸς
1333 1284 1469 1335 γάμον
1503 1287 1696 1328 ἐκδοῦναι.

123 1353 284 1410 Corrig.
322 1352 502 1403 Δέξεταί
533 1370 593 1399 τις
613 1380 666 1385 -
685 1356 861 1405 μάλλον.
924 1354 1166 1407 Ἀνὲχεο-θαι
1198 1370 1332 1411 neque
1365 1360 1426 1398 est
1458 1357 1585 1400 huius
1617 1356 1699 1399 loci

122 1428 163 1467 et
194 1425 320 1467 habet
353 1425 639 1480 participium.
1681 1438 1683 1441 '

179 1574 282 1631 Pag.
330 1572 429 1617 789.
478 1573 543 1615 18.
592 1574 624 1615 εἱ
668 1573 796 1616 τοίνυν
827 1573 844 1616 ὃ
879 1575 1078 1625 βούλεται
1112 1574 1257 1622 ἕκαςος
1291 1578 1408 1618 τοῦτο
1443 1576 1511 1617 καὶ
1546 1575 1699 1625 οἴεται,

102 1645 336 1688 ‘decantata
367 1646 494 1687 verba
525 1644 821 1687 Demosthenis
848 1646 932 1687 fere
962 1646 1006 1686 in
1038 1646 1308 1700 proverbium
1337 1647 1542 1688 abierunt.
1577 1647 1697 1689 Tom.

117 1715 185 1757 IV.
217 1715 317 1757 649.
352 1713 422 1757 27.
458 1717 479 1764 ἦ
513 1714 551 1757 δὲ
586 1715 798 1764 ἠπίςησεν·
836 1710 852 1756 ὃ
887 1715 968 1766 γάρ
1002 1717 1071 1757 οὐκ
1104 1716 1297 1766 ἐβούλετο
1332 1720 1448 1759 τοῦτο
1482 1719 1551 1760 οὐκ
1585 1717 1696 1771 ᾤετο.

180 1866 286 1922 Pag.
323 1864 422 1908 790.
456 1867 495 1908 5.
530 1866 621 1914 τοὺς
654 1871 726 1914 τῆς
760 1865 953 1917 ἐρωμένης
988 1865 1233 1922 [δεσποίνης]
1272 1865 1415 1916 γονέας
1445 1866 1704 1918 ἐργάσασθαί

121 1953 159 1978 τι
193 1935 331 1978 δεινόν.’
390 1937 515 1992 Apud
548 1938 757 1992 sequiores
790 1939 811 1986 ἡ
845 1936 1015 1987 ἐρωμένη
1050 1940 1128 1977 alio
1160 1937 1313 1978 nomine
1344 1938 1534 1979 δέσποινα
1562 1939 1702 1995 appel-

119 2007 231 2050 latur
276 2011 326 2049 ut
370 2008 526 2049 domina
573 2007 736 2051 Latine.
799 2007 881 2050 Sed
926 2021 1008 2050 non
1052 2013 1228 2063 possunt
1269 2008 1370 2051 haec
1413 2009 1494 2051 duo
1526 2012 1698 2053 nomina

119 2078 321 2134 copulari.

178 2228 284 2284 Pag.
321 2226 420 2269 792.
457 2226 525 2268 10.
560 2227 671 2279 φημὶ
706 2227 774 2268 καὶ
808 2229 936 2277 αὐτὴν
971 2231 1040 2270 τοῦ
1075 2226 1243 2271 δυνάςου
1276 2228 1346 2275 την
1380 2228 1699 2277 αἴτησιν-οὑκ

117 2298 343 2345 ἀπεικότως
377 2299 471 2346 ἡμῖν
503 2298 701 2350 χαλεπήν
735 2314 826 2339 τινα
859 2297 1053 2347 δεῖξαι.
1105 2298 1357 2354 Saepissime
1389 2300 1700 2344 confunduntur

116 2368 245 2418 δεῖξαι
278 2372 319 2410 et
352 2366 488 2418 δόξαι,
523 2369 633 2422 quod
665 2369 970 2423 reponendum.

177 2507 379 2550 Libanius
410 2507 479 2549 IV.
512 2521 607 2564 pag.
643 2506 742 2551 793.
777 2506 816 2549 9.
858 2509 998 2558 ἠγεῖτο
1032 2508 1113 2561 γὰρ
1142 2506 1255 2559 ὕβριν
1285 2509 1396 2561 αὐτῷ
1426 2509 1496 2550 καὶ
1526 2510 1696 2553 κίνδυνον

118 2577 252 2631 Φέρειν
293 2577 409 2620 πόλιν
451 2577 670 2627 αὐτόνομον
702 2578 963 2630 ἐφορμΩσαν
995 2583 1079 2626 τοῖς
1111 2579 1362 2630 βασιλείοις,
1397 2581 1591 2623 mendose
1622 2597 1697 2637 pro

121 2648 421 2701 ἐφορμΟΤσ-αν.

180 2718 398 2773 Sequitur:
442 2719 629 2772 βραχεῖα
675 2719 713 2760 δὲ
757 2718 960 2771 πρόφασις
1001 2720 1069 2761 καὶ
1103 2720 1241 2772 μικρὸν
1272 2720 1502 2771 ἐναντίωμα
1536 2722 1694 2765 διαλύει

120 2788 197 2834 τας
229 2787 340 2838 ἄγαν
372 2790 627 2840 εὐδαιμονίας
665 2786 761 2831 ὅταν
795 2790 838 2831 ἐκ
871 2790 1116 2841 βιαΟΤΩΝ
1146 2789 1408 2843 πραγμάτων
1433 2791 1502 2834 καὶ
1531 2803 1693 2835 πλεονε-

121 2858 209 2910 ξίας
250 2865 364 2913 συςῇ.
425 2859 579 2903 Sumta
620 2860 722 2904 haec
766 2863 863 2902 sunt
906 2875 927 2903 e
968 2860 1251 2905 Demosthene
1292 2874 1388 2919 pag.
1436 2861 1507 2904 20.
1551 2862 1621 2905 22.
1657 2867 1697 2909 et
