1946 3298
927 135 1012 178 152

187 280 237 307 ex
278 260 551 312 πέπλασμαι,
593 260 733 314 χύνειν
767 275 817 303 ex
849 259 1047 313 κέχυμαι.
1095 259 1232 302 Νο1110
1265 273 1411 302 eorum
1437 260 1594 302 sciebat
1624 275 1755 301 κατα-

187 332 452 382 σκεδάννυμι,
498 332 774 386 οἷμφιέννυμι,
817 330 990 373 wadum
1034 333 1075 372 et
1107 329 1192 383 χέω
1225 329 1312 372 sola
1343 329 1564 373 Veteribus
1596 331 1642 371 in
1674 343 1755 371 usu

187 409 330 451 fuisse.

247 566 366 609 Suid.
398 581 439 609 v.
484 563 857 615 Κελευθήτιρσι
898 560 1080 606 τουτέςιν
1113 558 1338 614 ὁδοιπόροις.
1370 562 1411 602 et
1443 560 1560 603 affert
1591 575 1642 603 ex
1673 561 1757 603 An-

187 637 400 694 thologia:

491 704 662 758 προίκιος
695 704 929 755 οξνθρώποισι
963 702 1246 755 κελευθήτιρσιν
1278 701 1427 750 ἀοιδός.

186 778 258 820 sed
290 777 529 825 κελευθήτης
564 779 626 816 est
657 774 912 827 vocabulum
943 775 1078 816 nihili.
1129 773 1187 816 Ut
1216 789 1267 816 ex
1298 775 1382 821 ὁδός
1410 775 1596 815 nascitur
1623 773 1756 821 ὁδίτης

187 861 228 890 et
259 848 474 900 παροδίτης
506 848 564 887 sic
599 859 649 886 ex
681 845 862 891 κέλευθος
896 849 1018 899 poeta
1051 844 1174 887 finxit
1201 846 1456 895 κελευθῖται,
1486 845 1758 897 κελευθίτῃσιν

185 918 328 965 ἀοιδός,
371 931 454 959 11011
495 915 724 958 admodum
766 915 979 971 eleganter
1020 916 1091 957 sed
1121 929 1199 957 non
1237 920 1378 957 contra
1411 914 1672 972 analogiam,
1710 917 1759 955 ut

185 989 315 1031 multi
355 987 488 1030 solent
528 987 902 1043 Epigrammatum
943 989 1109 1041 poetae,
1153 988 1226 1041 qui
1268 987 1349 1028 toti
1390 987 1435 1027 in
1480 984 1759 1041 procudendis

183 1058 400 1103 vocabulis
441 1059 561 1101 novis
603 1058 767 1112 saepius
809 1055 988 1098 mirifica
1028 1058 1199 1112 pariunt
1235 1071 1362 1112 quam
1393 1062 1581 1100 venusta.
1646 1056 1758 1098 Non·

183 1130 301 1172 nulla
339 1131 421 1185 ipsi
461 1131 571 1171 inter
612 1142 655 1170 se
696 1128 911 1179 ridebant,
956 1127 1092 1183 qualis
1136 1130 1198 1170 est
1241 1125 1494 1170 Callimachi
1525 1127 1661 1169 asinus
1693 1127 1758 1179 θὴρ

184 1216 376 1247 ουατοεις.

246 1361 364 1405 Suid.
409 1375 447 1405 v.
493 1360 744 1410 Κκδεςής-
765 1361 806 1402 οὐ
850 1359 966 1406 μόνον
1009 1363 1026 1401 o‘
1069 1359 1194 1407 διδοὺς
1227 1359 1344 1402 οὲλλοὶ
1378 1359 1447 1401 καὶ
1481 1359 1497 1400 o‘
1530 1358 1759 1412 λαμβάνων

187 1436 228 1475 et
261 1433 432 1488 apponit
464 1446 513 1475 ex
545 1432 837 1487 Aristophanis
874 1433 1096 1486 leesmoplc.
1129 1445 1191 1485 vs.
1225 1430 1296 1473 80.

455 1505 497 1545 οὐ
530 1508 632 1555 χρῆν
666 1519 710 1544 σε
743 1502 931 1555 κρύπτειν
960 1501 1056 1543 ὄντα
1089 1502 1257 1550 κηδεςὴν
1290 1502 1444 1552 ἐμΟΝ.

247 1574 392 1616 Utitur
419 1571 571 1616 Codice
599 1573 733 1615 nihilo
759 1572 934 1615 meliore
959 1586 1084 1628 quam
1112 1573 1231 1614 nobis
1260 1577 1321 1614 est
1347 1572 1578 1615 Ravennas.
1627 1573 1758 1615 Poeta

186 1645 367 1688 dixerat:

483 1706 524 1747 οὐ
556 1710 658 1757 χρῆν
692 1721 737 1746 σε
769 1704 957 1757 κρύπτειν
990 1703 1086 1746 ὄντα
1118 1704 1286 1754 κηδεςῆν
1320 1705 1426 1756 ἐροΕ.

247 1866 368 1910 Suid.
403 1881 445 1909 v.
490 1870 658 1907 Κοῖλα
690 1865 744 1906 τα
777 1864 963 1907 ὑποκάτω
998 1868 1074 1907 τῶν
1108 1866 1347 1919 ὀφθαλμῶν.
1411 1864 1459 1906 In
1492 1864 1646 1908 Suidae
1681 1864 1758 1909 Co-

187 1938 373 1988 dicibus,
421 1940 470 1978 ut
516 1938 561 1977 in
606 1938 778 1987 nostris,
828 1938 1058 1978 sexcenties
1100 1954 1121 1978 υ
1165 1940 1206 1978 et
1248 1953 1278 1978 οι
1317 1940 1612 1992 permutantur
1643 1928 1757 1979 haud

189 2023 306 2051 secus
347 2013 472 2063 atque
514 2024 531 2048 ε
578 2015 618 2049 et
658 2024 716 2050 αι.
796 2007 909 2048 Hinc
958 2007 1072 2049 dedit
1120 2007 1291 2059 μοιχόν,
1340 2013 1583 2059 Μυροκλῆς,
1635 2009 1755 2060 Μυρώ

189 2083 230 2122 et
262 2079 344 2121 alia
375 2078 562 2134 plurima
593 2078 636 2119 id
669 2092 802 2135 genus
834 2092 908 2133 pro
934 2076 1098 2129 μυχόν,
1129 2083 1383 2130 Μοιροκλῆς,
1413 2079 1556 2130 Μοιρώ.
1606 2077 1760 2134 Appel-

187 2148 330 2191 lantur
371 2149 427 2191 τοὶ
473 2148 659 2190 ὑποκάτω
705 2154 780 2191 τῶν
818 2150 1042 2202 ὀφθαλμῶν
1074 2150 1184 2205 apud
1217 2163 1360 2192 omnes
1393 2147 1449 2190 τοὶ
1482 2152 1614 2204 κῦλα,
1650 2148 1760 2190 1111ᾶο

189 2220 481 2267 κυλοιδιόωντες
515 2224 665 2262 natum
697 2224 771 2262 est.

250 2380 368 2423 Suid.
402 2395 443 2423 v.
476 2379 635 2426 Κτείς
669 2379 714 2420 τὸ
747 2379 967 2433 ἐφήβαιον.
989 2405 1043 2411 —-
1063 2380 1368 2432 Καλλίμαχος·

550 2450 629 2491 οὐδ’
662 2446 758 2491 οἷο-ιν
792 2451 858 2492 ἐπὶ
894 2453 1028 2498 κτενὸς
1064 2450 1175 2494 ἔσκον
1209 2451 1367 2503 ἔθειραι.

190 2524 287 2578 quia
329 2522 430 2563 satis
473 2525 621 2562 notum
665 2524 727 2562 est
767 2522 915 2575 (etiam
957 2536 1007 2563 ex
1049 2525 1175 2564 sacris
1215 2522 1486 2577 quibusdam)
1519 2520 1644 2563 κτένα
1677 2519 1760 2562 dici

189 2594 244 2635 τοὶ
278 2591 468 2644 γυναικὸς
502 2591 636 2633 αἰδοῖοι
669 2605 831 2633 necesse
864 2593 944 2633 erit
968 2590 1112 2634 ΤΗΙο-ιν
1147 2593 1381 2634 emendare.

247 2732 366 2775 Suid.
399 2745 439 2774 V.
480 2730 737 2784 Μέναιχμος
770 2730 1132 2781 ’Λλωπεκοννήο-ιος
1167 2736 1208 2775 et
1241 2731 1495 2783 Μοέναιχμος
1530 2731 1755 2779 Σικυώνιος.

188 2805 295 2858 Quia
325 2816 447 2846 nemo
479 2816 684 2857 umquam
713 2803 758 2843 in
791 2801 966 2845 Graecia
992 2817 1038 2845 eo
1064 2805 1233 2846 nomine
1260 2803 1343 2844 fuit
1368 2803 1433 2845 bis
1461 2803 1755 2859 corrigendum

187 2882 463 2926 ΜΕναιχμος.
