1946 3298
963 194 1018 235 50

209 325 515 380 παρελάμβανε
562 327 680 363 πλεῖν
728 322 749 369 ἢ
799 320 1087 370 τετταράκοντ’
1131 316 1215 365 ἔτη.
1286 317 1409 359 Ν11110
1454 319 1500 359 111
1545 319 1776 359 sententiae

209 397 510 453 compositione
542 392 785 449 perelegans
817 393 878 431 est
909 390 1095 443 partium
1137 388 1385 439 συμμετρία.
1436 387 1642 430 Homines
1672 388 1776 429 libe-

209 484 274 512 ros
305 481 400 510 suos
442 465 648 519 Sophistis
679 459 957 503 instituendos
989 459 1264 499 committunt
1307 458 1663 512 quemadmodum
1696 459 1777 500 cal-

209 553 300 582 ceos
347 538 520 579 detritos
567 538 608 575 et
661 533 806 573 scissas
848 536 984 572 vestes
1028 529 1254 569 sarciendus
1301 528 1397 570 dare
1443 528 1590 570 solent.
1667 528 1778 580 Quid

208 611 401 652 futurum
434 613 496 646 est
536 605 571 644 si
601 602 667 643 illi
705 601 761 642 τοὶ
792 600 957 641 παλαια
992 599 1239 648 ὑποδήματα
1281 598 1562 651 μοχθηρότερά
1605 598 1777 640 'Amal-

208 683 326 723 δοσαν
353 678 374 726 ἢ
401 673 665 726 παρέλαβον;
700 673 769 713 οὐκ
803 670 852 711 ἂν
881 669 1062 712 δύναιντο
1091 671 1230 711 λαθεῖν
1256 670 1452 721 τριάκονθ’
1483 669 1633 721 ἡμέρας
1663 669 1778 710 οέλλοὶ

207 749 322 801 ταχὺ
357 748 405 789 izv
437 748 489 795 τῷ
523 744 628 794 λιμῷ
657 741 905 783 ἀποθάνοιεν.
968 739 1114 795 Itaque
1145 740 1390 782 incredibile
1434 745 1496 782 est
1536 743 1578 782 et
1605 739 1779 793 portenti

208 823 334 863 instar
383 815 532 874 (τέρας)
580 814 855 869 Protagoram
901 812 1087 866 potuisse
1135 816 1254 852 πλεῖν
1303 811 1323 859 ἢ
1368 811 1658 862 τετταράκοντ’
1708 808 1777 856 ἔτη

209 890 418 934 λανθάνειν
477 888 507 928 εἶ
556 887 646 930 τοὺς
701 882 1047 933 συγγιγνομένους
1094 882 1405 933 μοχθηροτέρους
1458 881 1707 930 άπέπεμπεν
1757 881 1777 923 31

209 958 544 1013 παρελάμβανεν.
610 954 836 1008 Comparat
871 951 1088 1007 Sophistas
1120 966 1218 994 cum
1255 953 1308 993 iis
1343 953 1415 1006 qui
1447 951 1605 994 calceos
1637 956 1782 992 veteres

209 1033 392 1075 sarciunt
418 1029 661 1080 redduntque
694 1024 917 1065 deteriores
951 1036 1076 1077 quam
1103 1024 1360 1078 acceperint,
1392 1036 1474 1064 non
1505 1037 1603 1064 cum
1628 1024 1682 1063 iis
1709 1023 1783 1077 qui

209 1117 323 1145 novos
364 1099 522 1142 calceos
554 1097 713 1138 faciunt
745 1098 818 1136 aut
849 1097 986 1135 vestes
1018 1108 1149 1134 novas.
1213 1091 1319 1134 Vide
1351 1107 1462 1134 nunc
1505 1094 1606 1148 quid
1653 1095 1709 1135 sit
1738 1095 1782 1134 in

207 1175 349 1216 libris:
394 1171 425 1211 οἱ
470 1169 543 1218 μὲν
585 1166 638 1207 τοὶ
682 1164 929 1214 ὑποδήματα
966 1162 1264 1219 [ἐργαζόμενοι]
1315 1163 1371 1205 τά
1404 1164 1571 1206 παλαιοὶ
1614 1165 1682 1205 καὶ
1726 1164 1782 1205 τά

211 1244 360 1294 ἱμάτια
393 1239 665 1288 ἐξακούμενοι.
728 1238 785 1277 At
815 1248 940 1276 nemo
968 1238 1105 1289 potest
1133 1233 1401 1286 ἐργάζεσθαι,
1435 1237 1600 1290 opinor,
1636 1235 1780 1283 ὑποδή-

211 1329 331 1364 ματα
354 1311 543 1357 παλαιά,
570 1307 790 1362 multoque
818 1307 948 1348 etiam
967 1307 1109 1347 minus
1134 1311 1212 1347 TA
1232 1305 1479 1355 ὑποδήματα
1496 1312 1575 1347 TA
1600 1307 1781 1348 παλαιά.

208 1385 428 1426 Praeterea
459 1378 720 1431 ἐργαζόμενοι
752 1376 929 1418 moleste
960 1377 1256 1431 interpositum
1296 1391 1400 1432 quae
1428 1380 1538 1418 arcte
1565 1378 1786 1418 coniuncta

207 1459 304 1498 sunt
346 1452 565 1508 disiungit.
628 1447 789 1489 Pendet
816 1451 956 1502 aperte
992 1447 1047 1488 τά
1077 1446 1348 1502 ὑποδήματα,
1381 1454 1429 1489 ut
1461 1448 1517 1489 τά
1550 1446 1725 1498 ἱμάτιά,
1761 1462 1785 1490 a

214 1525 435 1582 participio
467 1519 738 1570 ἐξακούμενοι.
783 1517 982 1573 Sequitur
1008 1519 1053 1559 in
1080 1517 1224 1559 libris:
1256 1519 1324 1559 οὐκ
1355 1518 1404 1560 άν
1431 1519 1613 1560 δύναιντο
1646 1520 1783 1561 λαθεῖν

212 1595 403 1649 τριάκονθ’
437 1592 586 1643 ἡμέρας
611 1589 890 1641 μοχθηρότερά
921 1587 1176 1634 άποδιδόντες
1207 1588 1228 1636 ἢ
1257 1588 1496 1639 παρέλαβον
1529 1590 1601 1642 [τοὶ
1631 1589 1782 1638 ἱμάτιά

212 1684 257 1708 τε
291 1666 356 1707 καὶ
391 1664 446 1705 τά
480 1661 762 1716 ὑποδήματα]
827 1659 921 1702 Νο11
954 1660 1131 1702 arbitror
1161 1658 1249 1701 fore
1281 1659 1440 1702 multos
1474 1661 1546 1715 qui
1579 1660 1785 1702 admoniti

211 1738 456 1794 praesertim
510 1748 592 1775 non
638 1733 820 1774 sentiant
865 1744 1054 1786 pannum
1096 1730 1209 1771 hune
1255 1731 1396 1786 inepte
1444 1745 1530 1772 esse
1579 1736 1783 1773 assutum.

212 1808 371 1851 Metuit
400 1806 506 1847 forte
538 1803 689 1846 sciolus
719 1816 771 1844 ne
814 1801 1168 1843 oblivisceremur.
1233 1799 1422 1856 Denique
1454 1801 1555 1843 libri
1587 1801 1786 1843 exhibent

214 1889 379 1921 omnes:
424 1875 539 1917 οέλλοὶ
573 1875 624 1928 [εἷ
659 1875 830 1915 τοιαῦτα
862 1873 1024 1927 ποιοῖεν]
1059 1871 1175 1923 ταχὺ
1216 1870 1263 1912 ἂν
1296 1872 1351 1923 τῷ
1384 1872 1490 1923 λιμῷ
1523 1871 1783 1921 ἀποθάνοιεν,

212 1948 433 1991 manifesto
481 1956 637 1987 errore:
688 1948 811 1984 ποιεῖν
857 1944 969 1984 0111111
1012 1946 1054 1984 et
1100 1941 1342 1994 ἐργάζεσθαι
1385 1944 1430 1984 111
1477 1942 1554 1984 tah'
1593 1956 1638 1984 re
1678 1943 1787 1984 1111111

214 2021 447 2072 discrepant
493 2019 785 2071 ponunturque
832 2014 1068 2068 promiscue
1117 2013 1166 2055 de
1214 2013 1363 2054 calceis
1405 2013 1629 2068 palliisque
1677 2014 1787 2054 novis

212 2089 433 2137 faciendis,
469 2086 577 2141 quod
608 2089 771 2141 pugnat
804 2098 901 2125 cum
936 2084 1076 2126 verbis
1108 2083 1388 2136 μοχθηρότερά
1422 2083 1728 2129 ἈΠΟδιδόντες
1763 2084 1784 2132 ἢ

215 2159 473 2211 παρέλαβον,
502 2159 547 2197 111
583 2156 735 2210 quibus
766 2156 868 2209 ipsis
897 2161 959 2196 est
991 2154 1106 2209 lepor
1133 2156 1456 2209 comparationis
1489 2169 1586 2196 cum
1618 2153 1786 2210 Sophis-

214 2233 291 2280 tis,
336 2231 408 2283 qui
440 2228 529 2272 τοὺς
564 2226 911 2275 συγγιγνομένους
947 2224 1257 2276 μοχθηροτέρους
1293 2224 1569 2274 ἈΠέπεμπον
1604 2226 1624 2273 ἢ
1665 2241 1787 2277 παρε-

215 2300 448 2350 λάμβανον.
512 2296 557 2338 Si
605 2297 698 2350 quis
746 2296 847 2336 haec
894 2295 1002 2337 lecta
1035 2300 1076 2336 et
1116 2309 1317 2350 perpensa
1358 2296 1597 2350 probaverit
1644 2310 1787 2337 secum

217 2372 456 2414 existimato
485 2356 627 2422 quales
653 2368 738 2407 sint
764 2368 895 2407 nostri
922 2366 1111 2407 Platonis
1135 2363 1308 2408 Codices
1330 2365 1434 2407 Mss.
1464 2366 1616 2421 quibus
1644 2370 1787 2409 tamen

216 2439 408 2483 nonnulli
439 2443 606 2479 tantum
637 2450 718 2478 non
749 2436 905 2491 ubique
938 2437 1190 2478 credendum
1224 2451 1310 2479 esse
1343 2439 1577 2492 opinantur.

281 2652 441 2693 Menon.
472 2660 567 2702 pag.
598 2645 667 2686 99.
696 2657 735 2686 D.
771 2646 838 2685 καὶ
868 2646 959 2691 τοὺς
994 2647 1226 2691 πολιτικοὺς
1260 2651 1418 2698 φαῖμεν
1453 2646 1501 2687 ἂν
1536 2671 1560 2676 -
1592 2647 1788 2688 ἐνθουσιά-

221 2723 299 2776 ζειν
343 2719 527 2763 ἐπίπνους
562 2715 678 2761 ὄντας
715 2716 780 2755 καὶ
826 2716 1127 2766 κατεχομένους
1161 2717 1204 2757 ἐκ
1235 2720 1304 2758 τοῦ
1339 2718 1436 2757 θεοῦ.
1495 2716 1676 2759 Difficile
1708 2719 1788 2759 erit

222 2794 356 2835 dicere
385 2790 476 2844 quis
503 2789 557 2828 sit
584 2788 627 2826 in
653 2785 729 2826 tali
756 2786 925 2839 quidem
950 2801 993 2827 re
1015 2786 1029 2826 ἓ
1051 2786 1148 2832 θεός.
1181 2787 1275 2829 Non
1303 2789 1361 2828 sic
1385 2785 1534 2829 Graeci
1561 2789 1604 2828 in
1630 2788 1788 2830 talibus

221 2862 516 2918 loquebantur,
547 2856 617 2898 sed
645 2855 687 2897 ἔκ
714 2871 782 2896 του
811 2857 900 2896 θεῶν
929 2857 1120 2898 dicebant
1149 2863 1190 2899 et
1219 2859 1310 2898 θεῶν
1337 2873 1396 2904 τις
1426 2861 1468 2898 et
1494 2858 1663 2900 similia.
