1946 3298
961 143 1047 189 476

276 274 492 327 Quantum
533 270 800 313 miseriarum
843 272 884 312 et
925 270 1219 313 calamitatum
1261 270 1535 314 Aristoxenus
1576 272 1622 312 in
1660 269 1787 328 longa

217 348 352 387 aetate
381 341 515 388 vidit!
549 341 658 385 vidit
690 340 1057 398 Pythagoreorum
1086 340 1262 383 ultimos
1292 343 1464 392 εὐγενῶς
1493 342 1784 394 ἀφανισθῆναι,

215 415 326 458 vidit
369 413 571 457 Διονύσιον
606 412 644 453 ἐν
677 411 867 465 Κορίνθῳ,
911 412 1022 454 vidit
1065 415 1198 453 artem
1242 412 1561 455 dilectissimam
1598 412 1788 454 funditus

216 487 408 535 interire,
449 485 560 527 vidit
602 484 798 525 amissam
843 481 1042 526 Graeciae
1082 481 1322 524 libertatem
1359 486 1401 524 et
1431 483 1678 526 Macedones
1709 483 1788 523 im-

215 558 407 610 potenter
438 554 722 605 dominantesJ
768 556 809 595 et
841 556 938 595 sunt
969 554 1042 608 qui
1071 554 1279 594 mirentur
1311 567 1409 596 eum
1442 554 1525 595 dici
1555 566 1788 608 numquam

216 626 261 667 in
290 626 380 669 vita
410 626 561 668 risisse.

276 764 473 821 Superest
514 779 648 807 unum
691 765 980 822 fragmentum
1027 765 1077 807 de
1120 779 1200 820 quo
1245 765 1397 807 dicam.
1459 764 1638 822 Legitur
1679 764 1790 820 apud

214 835 589 891 Harpocrationem
620 851 661 878 V.
695 842 991 881 Μουσαῖοςτ
1029 836 1115 887 περὶ
1151 836 1190 877 δὲ
1223 836 1433 877 Μουσαίου
1471 834 1716 887 Ἀριςόξενος
1749 836 1813 887 gv?

215 912 298 953 τοῖς
341 905 713 958 Πραξιδκμκντίοις
759 907 897 959 φησίν.
936 933 990 938 —
1026 907 1204 958 εἷρήκοοσι
1238 907 1278 948 δὲ
1312 907 1399 958 περὶ
1434 907 1558 948 αὐτοῦ
1592 904 1710 947 ἄλλοι
1742 922 1788 946 τε

217 977 285 1019 καὶ
321 981 518 1023 Γλαῦκος.
568 977 626 1018 Ut
657 977 780 1019 hodie
812 976 1088 1034 ScaligerANA
1121 982 1162 1019 et
1194 979 1288 1019 sim.
1324 977 1522 1031 dicimus,
1551 978 1610 1018 sic
1638 975 1788 1019 Graeci

216 1046 636 1099 ΠραξιδοιμοέντΕΙΑ,
681 1048 970 1097 Πολυμνήςειοι
1014 1051 1055 1089 et
1099 1047 1181 1090 alia
1223 1052 1416 1089 sexcenta
1457 1047 1673 1097 dicebant,
1717 1046 1788 1088 sed

216 1118 390 1159 turbant
420 1119 463 1158 in
494 1117 560 1158 his
593 1117 776 1166 scribae,
821 1120 893 1172 qui
928 1117 1213 1170 Ἀρις-οέρχιος,
1248 1117 1565 1169 Κοιλλιμοὲχιος,
1599 1116 1788 1158 Ἐπικού-

216 1204 292 1241 ριος
335 1188 430 1230 dare
472 1186 606 1229 solent
637 1192 780 1229 contra
812 1186 1052 1244 analogiam
1085 1192 1125 1229 et
1156 1202 1297 1230 usum.
1361 1188 1578 1230 Musioum
1608 1189 1788 1243 peranti-

217 1272 349 1313 quum
380 1261 419 1300 et
451 1261 619 1314 poetam
651 1257 780 1300 fuisse
813 1259 879 1299 τὸν
911 1257 1242 1309 Πραξιδάμαντοι
1276 1261 1317 1300 et
1347 1258 1466 1300 illius
1491 1273 1556 1300 res
1583 1272 1667 1301 una
1689 1272 1786 1301 cum

215 1327 383 1371 Musaei
419 1333 629 1370 enarratas
661 1329 789 1370 fuisse
821 1330 865 1370 in
897 1328 1005 1370 libro
1039 1327 1192 1371 Glauci
1224 1329 1311 1382 περὶ
1347 1333 1422 1371 τῶν
1457 1329 1639 1382 ἀρχαίων
1673 1344 1786 1378 ποιη-

216 1404 292 1442 τῶν
324 1415 369 1441 τε
403 1399 470 1441 καὶ
504 1403 700 1450 μουσικῶν
734 1400 836 1441 satis
867 1401 1137 1455 perspicuum
1169 1404 1244 1442 est.

635 1782 1008 1829 SPICILEGIUM
1038 1783 1373 1829 LECTIONUM

769 1908 930 1941 CODICIS
963 1908 1229 1941 FLORENTINI.

274 2039 384 2092 Quas
423 2037 622 2080 lectiones
663 2038 815 2093 optimi
848 2037 1014 2080 Codicis
1045 2038 1089 2079 in
1124 2036 1438 2079 Commentario
1471 2049 1553 2080 non
1583 2035 1787 2081 indicavi-

213 2123 310 2151 mus
352 2122 419 2151 eas
458 2122 568 2150 nunc
610 2108 753 2150 ordine
796 2122 939 2151 omnes
977 2122 1248 2163 exponemus.
1313 2108 1488 2150 Prorsus
1518 2108 1672 2151 inutile
1700 2112 1789 2151 erat

214 2180 366 2222 menda
397 2180 645 2222 Arcerianae
679 2179 874 2221 editionis
901 2180 1122 2222 innumera
1149 2192 1495 2229 commemorare;
1530 2180 1787 2234 proferemus

216 2265 262 2293 ea
294 2254 462 2293 tantum
503 2251 578 2292 ubi
622 2251 829 2304 scriptura
861 2250 1078 2306 archetypi
1111 2248 1276 2293 Codicis
1309 2264 1332 2292 a
1364 2250 1619 2292 Kusteriana
1649 2264 1787 2292 recen-

216 2323 328 2363 sione
371 2321 590 2376 discrepat.
655 2320 869 2376 Quidquid
912 2322 1047 2377 igitur
1080 2335 1130 2363 ex
1170 2321 1362 2363 Parisino
1396 2319 1546 2362 Codice
1578 2320 1787 2362 Kusterus

215 2392 394 2433 correxit
427 2391 573 2433 eadem
605 2393 746 2433 omnia
776 2392 821 2432 in
852 2391 1092 2434 Florentino
1124 2390 1212 2448 legi
1244 2391 1461 2433 sciendum
1495 2394 1569 2432 est.
1628 2389 1675 2432 Si
1707 2403 1788 2445 qua

215 2462 344 2503 etiam
385 2463 523 2503 tenuis
566 2461 775 2504 dubitatio
803 2463 979 2504 existere
1010 2463 1141 2517 possit
1174 2463 1424 2517 scripturam
1455 2460 1687 2517 Archetypi
1719 2474 1787 2503 ex-

213 2544 417 2588 promam.

214 2676 238 2731 §
274 2674 315 2717 2.
347 2672 530 2715 Florent.
554 2670 670 2718 νόθοις
689 2676 854 2719 πολλοῖς
880 2671 1224 2725 συγγράμμασιν.
1247 2697 1298 2704 -
1319 2673 1471 2715 ἑαυτῶν
1489 2669 1784 2725 προςησόμεθοι.

277 2743 317 2786 3.
350 2742 596 2795 γεγενῆσθαι
631 2742 704 2792 μὲν
736 2741 818 2783 ἀπὸ
852 2742 930 2789 διός
965 2768 1015 2774 -
1053 2743 1311 2792 κεφαλήνων.

276 2814 315 2861 ’7.
350 2811 612 2866 παραιτητέοι
646 2812 728 2865 γὰρ
762 2812 936 2855 §wama
971 2814 1217 2866 ἐπιμενίδης.
1252 2839 1309 2845 —
1342 2813 1526 2864 οὐδαμῶς
1569 2811 1631 2855 δεῖ
1669 2827 1786 2866 προσ·-

344 2884 482 2928 isaeus.
