1946 3298
885 171 968 215 411

140 299 442 353 Ταυρομενίτης
486 299 524 340 ἕν
563 304 614 352 τῇ
657 295 779 351 ε’νοέτη
809 301 886 339 τῶν
919 299 1066 349 {comesu
1099 297 1186 350 περὶ
1221 299 1345 341 αὐτοῦ
1379 299 1534 352 γράφει
1567 298 1711 348 οὕτως·

142 371 362 422 ,,Διοδώρου
389 372 459 411 τοῦ
488 368 532 410 τὸ
560 367 673 419 γένος
701 368 940 410 Ἀσπενδίου
970 369 1040 416 την
1069 368 1382 419 ἐξηλλαγμένην
1413 371 1711 421 εἰσαγαγόντος

139 441 398 487 κατασκευὴν
441 439 508 481 καὶ
551 444 632 484 τοῖς
676 439 956 489 Πυθαγορείοις
997 440 1320 485 πεπλησιακέναι
1364 442 1712 491 προσποιηθέντος,

140 508 180 553 ἓν
209 512 431 555 ἐπιςέλλων
459 510 476 551 ὁ
506 508 772 561 Στρατόνικος
805 508 992 550 ἐκέλευσε
1021 512 1087 549 τὸν
1115 510 1342 559 ἀπαίροντα
1369 512 1414 551 τὸ
1442 511 1548 562 ῥηθὲν
1566 496 1714 560 ὀἒπαγ-

138 587 280 632 γεῖλαι
323 583 377 633 τῷ
422 580 510 633 περὶ
555 581 800 632 θηροπέπλου
842 580 993 630 μανίας
1036 578 1185 629 ὕβρεώς
1228 596 1272 621 τε
1317 580 1582 632 περιςοέσιμον
1617 581 1714 624 ςοαν

139 650 274 703 ἔχοντι
317 651 551 703 Πυθαγόρου
594 650 799 705 πελῶ-αἶ’
840 651 884 691 in
925 663 1006 705 quo
1036 649 1127 692 loco
1159 651 1203 692 id
1234 652 1422 706 primum
1455 651 1715 694 animadver-

137 722 314 764 tendum
357 725 419 764 est
461 735 508 763 ea
549 722 594 762 in
634 721 741 763 libro
782 720 844 762 IX
886 720 997 775 apud
1039 719 1263 762 Timaeum
1301 723 1455 776 scripta
1486 721 1635 772 fuisse,
1669 723 1714 764 in

137 805 218 847 quo
260 792 444 846 plurima
487 791 537 833 de
578 791 824 848 Pythagora
867 794 908 833 et
939 791 1221 848 Pythagoreis
1251 795 1517 840 narraverat,
1549 795 1599 833 ut
1630 806 1715 834 sae-

136 864 233 917 pius
274 862 604 904 observavimus.
669 860 862 903 Scribens
904 863 1041 917 igitur
1076 862 1126 903 de
1158 862 1526 919 Pythagoreorum
1558 877 1715 905 succes-

138 933 253 974 sione
299 932 446 974 eodem
493 931 617 973 modo
637 963 647 979 ,
680 945 760 986 quo
792 931 1068 982 lamblichus,
1108 932 1159 974 ad
1190 932 1421 975 Diodorum
1454 934 1716 989 Aspendium

138 1004 352 1057 pervenit,
396 1016 522 1057 quem
562 1001 820 1043 Iamblichus
859 1007 1051 1056 receptum
1092 1017 1171 1043 esse
1202 1003 1244 1043 in
1277 1011 1421 1045 coetum
1454 1008 1599 1046 auctor
1631 1007 1715 1058 est,

139 1071 337 1115 Timaeus
368 1072 546 1120 melius,
581 1073 678 1126 quia
705 1071 823 1114 nulla
853 1074 940 1114 iam
974 1076 1188 1127 supererat
1218 1073 1587 1130 Pythagoreorum
1625 1089 1716 1117 suc-

140 1144 268 1185 cessio
311 1141 368 1194 1),
415 1142 518 1184 dicit
558 1147 639 1188 τοῖς
679 1143 962 1193 Πυθαγορείοις
995 1145 1320 1191 πεπλησιακέναι
1363 1146 1716 1195 προσποιηθῆ-

139 1229 244 1264 ναι,
279 1217 321 1255 et
353 1215 411 1255 sic
443 1213 494 1254 ab
526 1213 741 1255 Athenaeo
776 1213 930 1254 dieitur
962 1214 1234 1264 Πυθαγορικὸς
1269 1221 1454 1259 ΔΟΞΑΟ
1487 1214 1602 1257 εἶναι.

198 1283 420 1326 Praeterea
449 1284 546 1326 hinc
578 1283 751 1325 Diodori
783 1288 895 1325 aetas
929 1286 1196 1340 cognoscitur
1227 1299 1277 1326 ex
1307 1287 1519 1328 mentione
1551 1285 1714 1328 Strato-

137 1355 243 1405 nici,
279 1369 404 1410 quem
436 1354 679 1396 Ptolemaeo
712 1354 819 1410 Lagi
849 1354 1067 1409 aequalem
1100 1356 1227 1396 fuisse
1260 1360 1435 1399 constat.

199 1424 390 1467 Ostendit
431 1425 508 1467 hoc
550 1424 767 1466 Bentleius
808 1426 852 1465 in
895 1425 1011 1479 Resp.
1043 1426 1097 1466 ad
1127 1423 1175 1468 C.
1211 1426 1401 1478 Boyleam
1430 1441 1523 1483 pag.
1560 1426 1627 1468 48.
1664 1441 1715 1469 ex

139 1495 218 1537 hoc
259 1495 467 1537 Athenaei
509 1495 598 1537 1000
642 1504 682 1536 et
724 1509 775 1536 ex
815 1508 909 1551 pag.
947 1494 1032 1537 305
1051 1511 1082 1536 ο.
1116 1497 1376 1545 Πτολεμαίου
1409 1501 1478 1539 τοῦ
1510 1497 1716 1547 βασιλέως

139 1565 226 1618 περὶ
259 1566 504 1618 κιθαριςικῆς
538 1565 632 1617 πρὸς
667 1566 788 1607 αὐτὸν
822 1566 1116 1621 (Stratonz’eum)
1150 1566 1441 1617 διαλεγομένου
1467 1567 1717 1620 φιλονικότε-

138 1652 198 1689 ρον
237 1636 402 1688 Ἕτερόν
444 1637 553 1685 ε’ςιν,
599 1633 734 1686 εἶπεν,
781 1633 808 1677 ὦ
844 1635 1047 1691 βασιλεῦ,
1086 1643 1310 1692 σκῆπτρον,
1347 1635 1475 1690 ἕτερον
1508 1639 1549 1680 δὲ
1582 1643 1716 1686 πλῆκ-

136 1723 238 1760 τρον.
314 1707 475 1749 Eodem
530 1707 708 1749 referam
762 1707 1055 1748 testimonium
1110 1707 1330 1750 Machonis
1386 1709 1497 1764 apud
1559 1708 1712 1751 Athen.

136 1792 234 1835 pag.
268 1776 353 1821 349
372 1779 412 1820 d.

439 1846 705 1899 Στρατόνικος
739 1850 758 1888 0‘
792 1847 998 1899 κιθαρῳδὸς
1033 1848 1082 1894 ὥς
1114 1847 1334 1900 Βηρισάδην

439 1918 633 1960 ἔπλευσεν
666 1919 720 1965 εἷς
753 1918 821 1960 τὸν
854 1918 1001 1960 Πόντον
1032 1917 1128 1959 ὄντα
1161 1919 1360 1969 βασιλέα.

135 2004 315 2046 namque
340 1990 559 2042 Βηρισάδης
586 1989 849 2046 (Παιρισάδης
877 1990 1082 2044 Straboni,
1116 1990 1357 2039 Παρυσάδης
1391 1989 1582 2045 Diodoro)
1615 1989 1717 2032 Bos-

136 2062 228 2117 pori
259 2075 330 2102 rex
361 2075 493 2116 usque
521 2061 572 2102 ad
596 2075 751 2102 annum
781 2059 880 2101 310.
908 2062 1115 2116 regnavit.
1151 2058 1320 2102 Clinton
1346 2060 1391 2102 F.
1420 2060 1473 2101 Η.
1494 2075 1589 2117 pag.
1609 2059 1711 2102 282.

198 2130 262 2172 Ex
301 2131 453 2172 festiva
494 2129 720 2172 Stratonici
762 2132 935 2185 epistola
966 2143 1074 2172 nova
1106 2131 1310 2185 quaedam
1342 2133 1440 2173 vani
1473 2135 1514 2172 et
1546 2130 1716 2172 ridiculi

138 2201 430 2243 homuncionis
469 2200 654 2242 stultitia
700 2203 978 2257 cognoscitur.
1043 2201 1153 2252 Quid
1201 2205 1263 2243 est
1310 2203 1422 2243 enim
1470 2200 1716 2252 θηρόπεπλος

139 2270 298 2319 μανίαῩ
361 2271 472 2323 Quid
514 2270 630 2313 aliud
672 2285 798 2325 quam
842 2272 1001 2312 insania
1041 2272 1207 2312 bominis
1239 2272 1347 2325 pelle
1377 2272 1526 2327 ferina
1568 2272 1715 2315 amicti.

139 2342 346 2385 Diodorus
376 2356 527 2397 nempe
560 2342 677 2382 barba
705 2341 935 2396 capillisque
958 2342 1188 2396 promissis,
1206 2343 1387 2396 squalens
1404 2346 1440 2383 el
1457 2342 1717 2384 discalceatus

140 2418 302 2461 λεοντῆν
331 2412 541 2458 ἐνδεδυκώς
568 2411 786 2453 incedebat
813 2413 1007 2453 imitatus
1034 2410 1291 2468 Cynicorum
1319 2413 1445 2454 deum
1468 2411 1717 2463 Herculem,

140 2486 189 2524 ut
218 2483 407 2525 Bacchus
437 2484 482 2524 in
513 2481 804 2536 Aristophanis
836 2482 993 2531 Remis,
1027 2482 1344 2538 compluresque
1372 2483 1469 2533 alii,
1501 2484 1574 2538 qui
1601 2497 1644 2525 se
1669 2482 1721 2525 ad

139 2552 337 2595 Herculis
369 2552 552 2609 effigiem
584 2552 910 2606 componebant,
943 2556 992 2594 ut
1024 2552 1133 2595 Milo
1165 2553 1406 2596 Crotoniata
1433 2553 1544 2608 apud
1569 2553 1722 2595 Diodo-

140 2638 237 2666 rum
269 2622 462 2666 Siculum
493 2622 588 2664 XII.
625 2621 665 2664 9.
696 2621 1026 2673 διεσκευασμένος
1055 2623 1110 2670 εἷς
1137 2623 1379 2676 Ἡρακλέους
1407 2625 1552 2673 σκευὴν
1579 2629 1721 2677 λεοντῇ

188 2866 219 2905 1)
241 2866 362 2907 Nempe
379 2864 584 2896 Aristoxenus
603 2864 683 2896 vidit
703 2864 975 2906 Pythagoreorum
993 2863 1137 2903 ultimos,
1159 2876 1235 2906 quos
1257 2865 1332 2898 dicit
1356 2864 1490 2905 εὐγενῶς
1505 2864 1722 2908 ἀφανισθῆναι.

143 2920 225 2962 apud
249 2918 457 2952 Iamblichum
479 2920 493 2960 §
516 2919 590 2952 251.
