1946 3298
917 139 1001 181 552

169 268 238 311 καὶ
278 266 486 320 πορφύραν
528 267 578 312 ὡς
611 265 804 316 μέλλοντι
840 265 1076 315 βασιλεύειν
1112 265 1149 306 ἐν
1184 267 1330 319 Ῥώμῃ.
1364 270 1406 308 et
1441 265 1506 307 19.
1545 264 1584 306 6.
1620 265 1636 306 ὁ
1671 270 1743 306 Τι-

171 339 303 392 βέριος
345 338 481 390 ἥψατο
524 342 595 384 τῆς
639 341 829 385 κεφαλῆς
865 361 918 367 -
954 336 986 376 οἱ
1029 336 1067 376 δὲ
1109 336 1278 377 ἐναντίοι
1322 336 1469 382 ἰδόντες
1512 336 1614 378 ἔθεον
1648 335 1743 386 πρὸς

169 411 242 457 τὴν
273 410 425 460 βουλὴν
458 407 805 456 ἀπαγγέλλοντες
839 408 969 448 αἰτεῖν
1002 406 1182 454 διαδκμα
1215 407 1280 448 τὸν
1313 407 1513 458 Τιβέριον.
1547 406 1744 449 Aurelius

168 479 313 522 Victor
344 493 432 533 cap.
469 478 544 519 64:
583 476 647 518 Ti.
678 475 893 519 Gracchus
927 477 1193 530 „Capitolium
1212 477 1335 531 petiit
1362 492 1521 519 manum
1549 478 1603 518 acl
1629 481 1743 531 eaput

168 551 348 606 referens
389 564 462 604 quo
505 548 669 588 salutem
700 562 806 588 suam
830 549 976 601 populo
1009 549 1305 590 commendabat.
1353 549 1440 589 Hoc
1470 549 1657 589 nobilitas
1686 548 1744 588 ita

169 625 312 675 aceepit
349 630 472 669 QuAsi
502 630 694 660 mADaMA
722 618 975 659 PoscEssET.''
1039 617 1305 674 Quamquam
1337 619 1439 660 haec
1472 622 1571 660 sunt
1602 618 1744 673 perab-

168 691 293 734 surda
324 689 602 732 nihilominus
634 689 903 730 exardescens
936 689 952 730 ὃ
985 692 1176 735 Νασικᾶς
1205 688 1313 738 ἠξίου
1343 715 1396 720 -
1428 691 1651 731 καταλύειν
1678 688 1745 729 τὸν

166 762 356 814 τύραννον
390 763 494 816 (cap.
532 759 600 801 19.
639 760 725 815 11.)
759 763 799 801 et
831 760 890 801 sic
923 761 1153 800 acerrimus
1179 759 1389 802 libertatis
1416 764 1560 802 auctor
1586 764 1628 801 et
1653 761 1745 802 vin-

170 834 249 876 dex
280 831 521 875 retinendae
552 830 763 872 libertatis
796 843 921 871 causa
953 829 1115 872 scilicet
1149 844 1369 886 oppressus
1404 835 1479 872 est.

231 904 368 958 Quam
401 904 455 945 sit
487 903 589 944 haec
622 901 835 943 calumnia
866 902 986 957 regni
1019 901 1130 956 apud
1161 901 1374 944 Romanos
1406 903 1564 943 usitata
1598 904 1639 943 et
1663 901 1745 942 fre-

173 990 303 1033 quens
346 974 414 1017 vel
454 972 567 1015 solus
609 971 759 1013 Livius
803 970 1009 1022 declarat,
1057 986 1180 1027 quem
1225 973 1323 1015 vide
1356 972 1430 1014 ΠΙ.
1468 972 1535 1013 11.
1575 971 1642 1013 58.
1676 971 1746 1013 IV.

176 1047 247 1090 13.
298 1045 368 1087 VI.
419 1043 490 1085 20.
540 1043 609 1084 40.
654 1043 866 1097 Frequens
908 1047 970 1084 est
1015 1047 1056 1084 et
1099 1043 1210 1098 apud
1241 1043 1485 1085 Ciceronem
1518 1058 1674 1095 reymcm.
1706 1046 1748 1083 in

160 1119 289 1174 foro,
311 1130 470 1168 reanum
497 1114 755 1165 iudiciorum,
784 1128 943 1164 reanum
969 1113 1012 1152 in
1043 1113 1199 1154 Senatu.
1232 1114 1282 1155 cf.
1310 1114 1484 1155 Livium
1502 1112 1746 1155 XXXVIII.

177 1188 246 1229 54.
293 1185 479 1237 „Petillii
510 1209 566 1216 -—
599 1199 756 1236 reynum
798 1184 842 1223 in
887 1186 1037 1224 Senatu
1075 1184 1295 1238 Scipionum
1327 1184 1605 1225 aecu.9abant.’'
1668 1183 1749 1226 Sed

171 1259 386 1314 imprimis
427 1255 656 1297 ridiculum
700 1257 811 1306 reyni
855 1254 999 1295 crimen
1037 1258 1099 1296 est
1131 1256 1174 1295 in
1206 1257 1297 1310 ipso
1330 1253 1550 1304 Cicerone,
1586 1255 1636 1296 de
1669 1268 1750 1310 quo

178 1328 351 1372 Clodius
385 1327 573 1368 dicebat:
609 1340 803 1379 quousque
833 1326 935 1365 lanne
962 1340 1083 1377 reyem
1100 1325 1317 1380 feremus?
1365 1323 1510 1368 Cicero
1537 1340 1610 1379 pro
1643 1326 1751 1382 Sylla

180 1399 222 1443 ’7.
266 1399 318 1442 ad
359 1397 569 1440 Manlium
614 1396 897 1451 Torquatum:
943 1401 1012 1446 „at
1053 1397 1115 1436 laic
1146 1400 1259 1437 etiam
1285 1397 1453 1452 facetus
1483 1411 1561 1438 esse
1592 1397 1752 1438 voluisti

176 1486 291 1527 quum
325 1468 581 1521 Tarquinium
614 1472 650 1508 et
683 1467 851 1508 Numam
884 1471 920 1507 et
947 1482 1004 1507 me
1036 1467 1193 1507 tertium
1226 1468 1475 1521 pereyrinum
1514 1483 1637 1521 reyem
1675 1483 1753 1509 esse

177 1540 350 1583 dimisti?
412 1539 507 1581 Non
553 1552 637 1580 una
678 1538 728 1579 de
769 1551 893 1579 causa
933 1551 1058 1579 nemo
1101 1542 1213 1587 erat,
1247 1538 1357 1579 unde
1389 1537 1580 1580 libertati
1610 1540 1752 1580 minus

177 1616 283 1654 esset
315 1610 555 1652 timendum
589 1622 716 1663 quam
749 1622 770 1650 a
804 1607 1026 1656 Cicerone,
1060 1608 1129 1649 sed
1163 1610 1208 1649 in
1240 1606 1441 1651 Gracchis
1475 1609 1645 1664 perinde
1686 1613 1750 1651 at-

177 1697 258 1739 que
305 1684 349 1723 in
396 1680 592 1724 Cicerone
637 1693 754 1721 mera
797 1684 860 1721 est
902 1680 1172 1721 inimicorum
1216 1683 1257 1720 et
1305 1693 1472 1721 osorum
1513 1680 1749 1730 calumnia,

179 1754 427 1811 dignissima
459 1751 599 1806 lepido
629 1750 922 1805 Aristophanis
952 1752 1042 1792 ioco
1074 1752 1119 1791 in
1159 1749 1197 1791 V
1193 1751 1292 1804 espis
1328 1749 1428 1792 488.

359 1825 410 1869 ὡς
443 1821 591 1865 ἅπανθ’
627 1822 720 1872 ὑμῖν
752 1822 930 1872 τυραννίς
967 1821 1026 1865 ἐςι
1057 1821 1123 1862 καὶ
1159 1820 1412 1876 ξυνωμόται,

360 1896 404 1944 ἤν
436 1910 481 1935 τε
513 1892 649 1944 μεῖζον
679 1893 722 1940 ἥν
754 1893 793 1933 τ’
826 1892 998 1933 ἔλαττον
1031 1891 1213 1943 πρᾶγμα
1246 1908 1306 1939 τις
1341 1899 1569 1946 κατηγορῇ,

362 1962 402 2012 ἧς
438 1966 515 2016 ἐγὼ
548 1967 616 2007 οὐκ
650 1964 801 2012 ἤκουσα
835 1963 994 2013 τοῦνομ’
1029 1963 1115 2004 οὐδὲ
1147 1965 1380 2011 πεντήκοντ’
1415 1963 1533 2014 ἐτῶν,

359 2040 423 2080 νῦν
458 2036 497 2077 δὲ
530 2035 668 2088 πολλῷ
701 2038 769 2076 τοῦ
803 2034 997 2086 ταρίχους
1031 2033 1112 2078 ἐςὶν
1144 2033 1354 2087 ἀξιωτέρα.

655 2198 700 2243 C.
733 2200 1002 2245 SEMPRONIUS
1035 2200 1279 2245 GRACCHUS.

238 2324 284 2368 C.
320 2322 496 2367 Gracch.
532 2321 570 2365 3.
606 2320 675 2364 12.
709 2323 966 2374 παραλαβὼν
1001 2322 1040 2363 δὲ
1074 2323 1144 2371 τὴν
1179 2323 1312 2374 ἀρχὴν
1341 2321 1454 2367 εὐθὺς
1485 2318 1528 2368 ἦν
1558 2320 1751 2362 ἁπάντων

176 2401 327 2448 πρῶτος
360 2396 510 2447 ἰσχύων
543 2410 588 2436 τε
622 2395 675 2446 τῷ
709 2393 845 2444 λέγειν
877 2395 925 2439 ὡς
955 2393 1083 2440 ἄλλος
1112 2393 1234 2438 οὐδεὶς
1264 2392 1332 2434 καὶ
1363 2396 1431 2434 τοῦ
1461 2391 1612 2438 πάθους
1641 2392 1749 2443 αὐτῷ

176 2467 400 2518 παρρησίαν
434 2466 586 2513 πολλὴν
618 2463 788 2511 διδόντος
821 2463 1127 2515 ἀνακλαιομένῳ
1161 2465 1228 2505 τὸν
1263 2462 1455 2512 ἀδελφόν.
1522 2460 1666 2504 Cicero
1705 2463 1752 2503 de

182 2538 292 2578 Orat.
323 2536 399 2577 HL
436 2534 503 2576 56.
540 2535 665 2590 „qnid
681 2535 779 2589 fuit
811 2535 854 2574 in
891 2535 1060 2576 Graccho
1096 2560 1150 2566 —-
1183 2535 1286 2587 quod
1315 2550 1371 2575 me
1395 2548 1519 2588 puero
1553 2538 1752 2587 tantopere

175 2624 194 2650 e
229 2611 402 2649 erretur.-
445 2605 535 2657 Quo
579 2619 648 2646 me
693 2607 822 2646 miser
865 2604 1101 2647 conferam?
1145 2620 1225 2661 quo
1263 2603 1456 2647 vertam?
1503 2604 1551 2645 In
1585 2603 1751 2658 Capito-

171 2676 362 2720 liumne?
396 2680 438 2718 at
469 2676 611 2717 fratris
643 2678 847 2732 sanguine
879 2676 1036 2718 madet.
1102 2678 1166 2718 An
1203 2674 1405 2718 domum?
1438 2679 1673 2717 matremne
1702 2678 1750 2716 ut

174 2752 375 2793 miseram
405 2747 711 2788 lamentantem
744 2747 911 2788 videam
945 2751 986 2788 et
1019 2746 1254 2789 abiectam?
1289 2762 1386 2802 quae
1411 2750 1466 2787 sic
1489 2746 1536 2785 ab
1563 2744 1636 2785 illo
1663 2749 1751 2786 aeta

177 2836 255 2861 8336
295 2818 494 2860 constabat
535 2817 679 2871 oeulis,
723 2832 828 2863 voce,
867 2822 1001 2868 qesta,
1034 2818 1187 2858 inimici
1220 2822 1263 2858 ut
1294 2817 1475 2858 lacrimas
1507 2821 1636 2857 tenere
1674 2830 1750 2857 non

166 2896 337 2948 possent.
