1946 3298
911 158 996 203 496

228 285 503 345 Legendum:
547 286 619 334 τὴν
662 285 702 328 δὲ
744 286 896 329 Πυθίαν
938 288 1186 335 ἈΝειπεῖν,
1228 298 1410 340 namque
1451 286 1524 326 aut
1557 283 1636 327 hoc
1667 284 1740 327 aut

167 359 325 400 ἀνελεῖν
357 360 401 400 in
433 372 480 401 ea
512 372 555 400 re
587 371 731 400 omnes
764 360 1000 400 constanter
1031 357 1247 407 dicebant,
1281 359 1323 398 et
1353 356 1398 397 in
1429 353 1617 397 oraculo:

646 427 773 470 πάλιν
804 428 1000 470 τελέσΑΟ
1033 426 1148 469 θύειν.

226 568 331 625 Pag.
367 565 452 608 265
471 583 502 608 e.
537 565 722 619 πρότερον
752 567 835 619 γαρ
868 568 936 609 οὐκ
972 565 1154 617 ε’γοέμουν
1183 566 1260 613 τας
1293 564 1374 619 ἀφ’
1403 564 1580 616 αἵματος
1608 564 1737 617 ὥσπερ

167 638 253 680 οὐδὲ
300 640 365 678 νῦν
412 638 590 685 τιτθίδας
639 639 720 680 οὐδ’
763 638 953 690 ἀδελφὰς
999 641 1217 688 γαμοῦσιν.
1281 635 1328 679 Si
1369 650 1494 692 quem
1530 635 1740 679 lubuisset

165 707 327 750 τιτθίδα
358 721 531 750 uxorem
562 708 715 751 habere
745 709 1040 764 impedimenti
1072 707 1182 749 nihil
1215 712 1315 750 erat.
1365 706 1447 749 Sed
1474 707 1738 749 scribendum

163 778 353 826 τΗθίδας.
419 778 666 821 Ridiculum
698 781 742 820 in
772 779 949 822 modum
983 778 1296 821 confunduntur
1323 779 1511 833 primum
1544 778 1589 819 in
1618 777 1739 820 libris

162 850 283 900 Mss.,
332 849 480 892 deinde
524 850 634 905 apud
678 848 988 893 Grammaticos
1030 853 1213 899 veteres,
1263 853 1358 891 tum
1398 849 1444 889 in
1485 848 1738 890 editionibus

162 921 314 963 nostris
357 925 515 962 ΤΗΘΗ
559 925 600 962 et
641 926 836 962 ΤΙΤΘΗ.
900 920 976 962 Est
1018 923 1161 962 tamen
1203 919 1365 975 aliquid
1395 920 1505 960 inter
1536 921 1664 959 aviam
1696 921 1738 960 et

162 991 368 1041 nutricem,
412 1005 546 1046 neque
588 991 690 1033 haec
732 994 805 1033 aut
847 990 1150 1048 significatione
1193 993 1266 1032 aut
1305 990 1440 1032 forma
1471 992 1544 1031 aut
1575 990 1737 1046 origine

163 1061 393 1116 quidquam
436 1062 546 1102 inter
588 1075 630 1103 se
673 1075 896 1103 commune
938 1062 1116 1115 habent,
1150 1065 1191 1103 et
1222 1065 1364 1103 tamen
1394 1061 1552 1115 passim
1585 1059 1736 1101 stolide

161 1132 271 1173 inter
315 1146 357 1173 se
397 1132 714 1186 permiscentur.
777 1132 872 1174 Non
916 1131 1114 1187 illepidus
1157 1133 1201 1173 in
1232 1131 1310 1173 hoc
1342 1133 1591 1187 argumento
1619 1129 1735 1172 locus

163 1204 225 1243 est
256 1201 465 1243 Hieroclis
498 1202 608 1257 apud
640 1201 868 1244 Stobaeum
903 1202 1078 1259 (Antkol.
1115 1201 1184 1243 84.
1219 1200 1311 1252 23.)
1342 1200 1539 1242 laudatus
1566 1214 1590 1242 a
1615 1199 1736 1256 Wyt-

161 1272 381 1314 tenbachio
415 1272 484 1313 sed
517 1286 599 1314 non
629 1272 898 1314 emendatus:
932 1271 1077 1319 ἕκαςος
1113 1274 1222 1322 ἡμῶν
1255 1272 1427 1326 (inquit)
1463 1268 1537 1311 οἷον
1575 1269 1735 1316 κύκλοις

162 1346 328 1387 πολλοῖς
363 1341 711 1393 περιγέγραπται.
748 1369 802 1373 -
836 1346 987 1394 πρῶτος
1022 1343 1096 1392 μὲν
1127 1342 1209 1394 γοέρ
1242 1342 1302 1386 ἐςι
1336 1342 1507 1390 κύκλος,
1540 1356 1578 1381 ον
1613 1340 1736 1387 αὐτός

161 1427 222 1458 τις
256 1411 438 1462 καθάπερ
472 1428 558 1464 περι
593 1412 750 1464 κέντρον
783 1415 854 1461 την
888 1415 1032 1456 ἑαυτοῦ
1068 1412 1310 1476 γέγραπται
1345 1412 1532 1455 διάνοιαν.
1567 1436 1622 1443 -
1651 1412 1736 1454 δεύ-

160 1498 268 1533 τερος
302 1483 342 1524 δὲ
376 1507 430 1513 —-
465 1483 504 1523 ἐν
539 1479 565 1535 ῲ
599 1483 841 1535 τεταχαται
877 1490 1033 1534 γονεῖς,
1068 1484 1264 1536 αδελφοί,
1300 1486 1426 1537 γυνη,
1462 1481 1623 1529 παῖδες
1655 1483 1672 1523 0‘
1700 1481 1735 1523 δ’

159 1552 241 1593 ἀπὸ
284 1552 433 1595 τούτων
474 1554 625 1605 τρίτος,
669 1555 710 1595 ἐν
746 1572 772 1607 ῳ
807 1555 896 1596 θεῖοι
941 1554 1009 1596 καὶ
1045 1560 1346 1608 ΤΙΤΘΙΔΕΟ,
1387 1552 1551 1594 ποέπποι
1585 1569 1632 1594 τε
1665 1552 1733 1595 καὶ

158 1629 374 1666 ΤΙΤΘΑΙ.
440 1624 627 1667 Tandem
659 1624 901 1668 Meinekius
931 1626 1174 1668 emendavit
1206 1625 1374 1671 τΗθίδες
1407 1628 1448 1667 et
1479 1624 1611 1665 τΗθαι
1645 1624 1734 1680 (τῆ-

159 1694 255 1748 θαι).
301 1698 341 1736 et
381 1696 438 1736 sic
471 1695 628 1750 ubique
662 1697 782 1737 amita
815 1700 856 1738 et
887 1701 1096 1738 matertera
1129 1696 1326 1737 dicuntur
1356 1694 1510 1742 τηθίδες
1529 1727 1538 1744 ,
1572 1697 1612 1736 et
1644 1698 1734 1735 avia

157 1764 270 1812 τήθη.
335 1763 489 1807 Contra
542 1767 681 1807 nutrix·
728 1771 963 1809 constanter
1008 1770 1183 1808 vocatur
1229 1766 1342 1813 τιτθή
1391 1781 1489 1820 quae
1534 1780 1732 1806 mammam

146 1836 310 1889 praebet
356 1835 393 1891 (ἦ
434 1836 596 1878 διδοῦσα
629 1838 696 1879 τὸν
728 1838 901 1892 τιτθόν),
945 1838 1056 1880 unde
1088 1839 1254 1879 τιτθεύω
1288 1843 1329 1880 et
1361 1838 1517 1879 τιτθεία
1548 1838 1730 1880 forman·

153 1908 246 1956 tur,
292 1919 397 1961 quae
443 1906 640 1949 dicuntur
684 1908 733 1950 de
776 1909 1028 1951 mulieribus
1072 1908 1362 1964 pauperculis,
1407 1922 1511 1962 quae
1541 1908 1732 1950 mercede

155 1976 383 2019 conductae
412 1976 613 2019 ditiorum
639 1978 836 2033 puerulos
869 1993 942 2021 suo
978 1979 1086 2021 lacte
1119 1979 1309 2026 alebant,
1342 1983 1391 2020 ut
1423 1978 1533 2034 apud
1560 1978 1731 2021 Demos-

153 2045 325 2088 thenem
370 2060 469 2103 pag.
514 2046 645 2089 1309.
689 2048 756 2090 19.
808 2049 875 2090 καὶ
925 2049 1007 2101 γαρ
1056 2053 1121 2091 νῦν
1170 2049 1277 2096 οὶςας
1325 2055 1523 2099 γυναῖκας
1568 2048 1728 2095 πολλαὶς

156 2116 343 2168 εὑρήσετε
371 2117 645 2164 τιτθευούσας.
681 2123 721 2160 et
748 2133 845 2176 pag.
867 2118 996 2162 1311.
1025 2118 1096 2161 27.
1131 2117 1235 2167 αὕτη
1269 2119 1302 2160 δ’
1336 2116 1436 2161 οὖσα
1470 2119 1509 2160 ἐν
1541 2119 1728 2171 ἀπορίαις

154 2186 393 2236 ἠναγκάσθη
439 2186 506 2228 τὸν
548 2189 736 2230 Κλεινίαν
780 2189 847 2230 τὸν
895 2193 964 2231 τοῦ
1010 2190 1217 2232 Κλειδίκου
1261 2191 1494 2239 τιτθεῦσαι,
1539 2193 1599 2232 et:
1645 2188 1726 2231 οὶπὸ

154 2256 235 2308 γὰρ
269 2257 424 2304 ταύτης
458 2264 530 2305 τῆς
563 2259 740 2306 τιτθείας
774 2258 924 2302 ἅπασα
959 2262 980 2309 ἡ
1015 2260 1102 2311 περὶ
1140 2261 1248 2309 ἡμᾶς
1277 2259 1425 2311 γέγονε
1450 2259 1725 2312 βλασφημία,

151 2340 332 2382 namque
376 2328 560 2384 ingenua
607 2331 712 2371 civis
761 2331 904 2372 Attica
951 2334 1120 2386 propter
1167 2332 1354 2386 inopiam
1395 2330 1563 2371 nutricis
1604 2330 1726 2384 officio

140 2397 323 2451 fun-qens
357 2398 630 2455 (τιτθεύουσα)
666 2400 810 2443 servili
841 2400 930 2443 loco
963 2405 1062 2443 nata
1093 2415 1179 2443 esse
1210 2401 1447 2456 putabatur.

213 2535 321 2593 Pag.
358 2535 444 2579 280
467 2540 510 2590 f.
545 2541 763 2589 Σοφοκλῆς
791 2539 1013 2588 πεποίηκε·

457 2607 515 2648 Σὺ
549 2608 589 2649 δὲ
622 2609 851 2662 σφαδάζεις
884 2615 1017 2657 πῶλος
1051 2609 1100 2657 ὣς
1133 2610 1358 2664 εὐφορβίᾳ,

452 2678 586 2729 γαςηρ
621 2696 667 2720 τε
699 2681 781 2731 γοέρ
816 2697 884 2722 σου
918 2681 985 2722 καὶ
1020 2681 1164 2731 γνοὲθος
1200 2681 1441 2732 πληρης**.

150 2750 363 2803 perierunt
396 2748 500 2790 duae
535 2748 721 2805 syllabae
755 2765 777 2792 a
806 2766 865 2806 sq.
904 2758 999 2793 ΔΙΟ
1035 2752 1276 2808 absorptae,
1303 2765 1453 2806 nempe
1480 2750 1548 2791 καὶ
1578 2750 1725 2802 γνάθος

153 2819 305 2870 πλήρης
343 2818 467 2861 ἈΕΙ.
