1946 3298
860 165 942 208 3'61

115 312 191 339 των
233 296 338 346 μήτε
382 292 570 346 ἔμψυχον
610 297 814 334 ΜΗΔΕΞΝ
857 297 1179 333 ΜΗΔΕΠΟΤΕ
1219 291 1357 333 ἐσθίειν
1400 293 1684 346 εἰσηγούμενος

115 367 222 417 μήτε
255 363 350 406 οἶνον
380 364 564 406 ‘'OAQC
598 363 722 404 πίνειν
755 362 860 412 μήτε
895 362 996 403 θύειν
1029 362 1112 414 ζῷοι
1147 364 1256 408 θεοῖς-
1294 376 1398 416 quae
1430 367 1570 407 omnia
1597 367 1687 421 qui-

115 449 294 490 cumque
327 438 389 476 est
421 434 788 489 impudentissime
819 434 1034 474 mentitur.
1086 432 1301 487 Imprimis
1334 436 1476 475 autem
1509 440 1686 492 nugato-

113 520 209 547 rum
241 505 392 547 levitas
424 506 607 546 cernitur
638 505 682 544 111
710 504 763 543 115
791 516 894 557 quae
921 502 970 543 de
998 501 1188 543 fabarum
1218 516 1312 552 esu,
1342 517 1422 558 quo
1449 506 1535 546 suis
1563 505 1685 547 disci·

113 575 225 630 pulis
267 575 531 631 Pythagoras
572 573 858 623 interdixerit,
901 572 1102 627 permulti
1139 575 1366 615 memoriae
1397 574 1685 629 prodiderunt.

113 645 317 687 Perutilis
357 646 401 686 in
442 645 548 686 hanc
590 657 680 685 rem
722 642 837 684 locus
878 645 939 684 est
981 641 1112 685 Gellii
1153 643 1206 685 N.
1245 644 1295 685 A.
1330 643 1400 685 IV.
1432 645 1501 687 11.
1530 646 1604 687 ubi
1637 646 1687 688 de

112 716 320 757 industria
358 714 574 770 redarguit
616 718 778 754 veterem
817 713 1035 767 opinionem
1054 713 1238 768 falsum,
1272 716 1391 768 quasi
1421 715 1687 772 Pythagoras

115 789 156 827 et
187 784 434 827 animalium
469 797 542 825 esu
574 793 615 825 et
645 783 837 824 fabarum
869 797 1035 838 prorsus
1067 784 1350 827 abstinuisset.

174 856 358 911 Apponit
388 855 575 909 primum
608 853 835 895 versiculos
866 852 1140 895 Callimachi:

338 924 406 966 καὶ
442 925 608 974 κυοὲμων
642 925 723 965 virt&
756 930 902 975 χεῖρας
935 925 1045 976 ἔχειν
1078 926 1260 971 οἷνιῶντος
1292 926 1446 974 ἕδεςοῦς

397 997 512 1046 κοέγὼ
546 994 781 1046 Πυθαγόρης
815 996 862 1040 ὡς
899 995 1059 1037 ἐκέλευε
1091 996 1216 1046 λέγω.

111 1067 186 1109 ubi
225 1065 476 1123 legendum:
521 1066 705 1112 οἶνιῶντος
741 1066 875 1109 saeco&
908 1067 952 1107 id
986 1071 1047 1108 est
1079 1067 1313 1117 ἐδέσματος.
1377 1068 1538 1111 Deinde
1574 1067 1689 1111 Cice-

111 1139 223 1179 ronis
255 1138 426 1191 apponit
456 1136 598 1178 locum
632 1150 682 1178 ex
712 1135 820 1178 libro
853 1138 900 1178 de
925 1136 1184 1178 Divinatione
1210 1138 1239 1179 I.
1273 1137 1342 1180 30.
1374 1154 1448 1189 „ex
1472 1155 1545 1195 quo
1574 1140 1690 1181 etiam

111 1207 386 1263 Pytbaqoricis
426 1207 676 1248 interdictum
708 1212 879 1260 putatur
920 1222 968 1248 ne
997 1208 1107 1262 faba
1149 1214 1413 1259 vescerentur,
1448 1211 1552 1265 quod
1577 1211 1690 1252 babet

112 1279 352 1331 inflationem
395 1292 570 1329 maynam
613 1278 648 1318 is
688 1278 795 1318 cibus
837 1279 1124 1332 tranquillitati
1164 1283 1301 1320 mentis
1341 1281 1564 1334 quaerentis
1598 1296 1689 1322 vera

117 1347 396 1389 contrariam.''
460 1346 530 1389 Sic
564 1349 675 1389 enim
710 1348 820 1403 apud
853 1346 1041 1390 Gellium
1074 1350 1224 1391 vitiosa
1254 1349 1459 1391 librorum
1486 1352 1692 1407 scriptura

115 1418 358 1475 corrigenda
391 1421 467 1459 est.
531 1418 656 1472 Apud
688 1417 929 1460 Ciceronem
964 1418 1145 1470 Quintus
1178 1417 1320 1461 Cicero
1352 1419 1517 1462 Stoicus
1550 1425 1590 1463 et
1622 1435 1691 1464 an-

114 1490 344 1544 tiquarius,
380 1493 420 1530 et
452 1489 549 1530 hinc
581 1488 775 1530 credulus
806 1495 847 1530 et
880 1491 1211 1544 superstitiosuS‚
1246 1489 1322 1531 illa
1354 1490 1493 1532 dicens
1529 1492 1691 1534 induci—

114 1563 195 1601 tur.
263 1559 348 1614 Ipsi
389 1557 579 1600 Ciceroni
611 1559 711 1614 quid
745 1559 956 1601 videretur
986 1558 1146 1615 legitur
1177 1559 1229 1600 II.
1265 1559 1334 1602 58.
1370 1561 1506 1610 „Faba
1537 1562 1690 1617 quidem

113 1630 352 1685 Pytbayorei
393 1633 525 1684 utique
567 1630 810 1679 abstinuere,
855 1630 967 1684 quasi
1006 1645 1095 1671 vero
1132 1646 1172 1672 eo
1205 1631 1287 1672 cibo
1319 1646 1421 1672 mens
1452 1647 1528 1673 non
1559 1639 1691 1674 venter

113 1702 285 1755 infletur.
351 1701 431 1740 Sed
468 1700 595 1741 nescio
639 1701 821 1755 quomodo
864 1701 971 1741 niliil
1011 1705 1089 1741 tarn
1131 1702 1298 1742 absurde
1329 1702 1410 1742 dici
1430 1708 1559 1756 potest
1591 1704 1693 1758 quod

115 1785 191 1811 non
224 1770 381 1811 dicatur
413 1771 458 1810 ab
491 1771 623 1825 aliquo
647 1771 1002 1825 pbilosophorum?
1049 1771 1143 1813 Non
1174 1775 1301 1828 negat
1332 1786 1419 1814 esse
1444 1787 1593 1815 verum
1621 1774 1693 1816 sed

114 1854 189 1896 pro
223 1841 401 1883 absurdo
434 1841 608 1882 deridet.
672 1840 753 1883 Sed
785 1855 866 1884 non
899 1842 1071 1884 cadebat
1101 1841 1176 1883 illa
1202 1844 1364 1884 insania
1388 1844 1432 1884 in
1460 1846 1693 1899 sapientem

114 1913 274 1962 virum,
309 1915 357 1952 ut
383 1909 548 1953 Gellius
575 1913 772 1953 continuo
800 1914 859 1954 sic
887 1912 1169 1954 demonstrat:
1199 1914 1307 1963 „Sed
1332 1914 1587 1956 Aristoxenus
1613 1930 1694 1956 mu-

112 1985 236 2032 sicus,
280 1982 342 2023 vir
384 1982 591 2023 literarum
632 1987 800 2024 veterum
836 1983 1168 2036 diliyentissimris
1200 1985 1405 2026 Aristoteli
1435 1986 1616 2040 auditor,
1650 1986 1694 2027 in

114 2053 236 2103 libro,
281 2068 387 2107 quem
426 2053 474 2093 de
505 2053 734 2108 Pytkayora
767 2054 950 2108 reliquit,
984 2066 1126 2096 NULLO
1161 2066 1334 2097 SAEPIUS
1366 2056 1577 2109 leyumento
1610 2056 1695 2112 Py-

116 2124 314 2175 tkayomm
355 2123 453 2164 dicit
494 2139 603 2164 usum
641 2135 761 2172 QUAM
792 2135 935 2166 ἙΑΒΙΒῖ
977 2128 1156 2179 quoniam
1196 2125 1230 2166 is
1262 2125 1369 2166 cibus
1401 2130 1437 2166 et
1467 2127 1695 2168 subduceret

115 2194 255 2235 sensim
301 2195 428 2235 alvum
476 2198 512 2235 et
557 2194 789 2246 laeviqaret.
872 2194 995 2235 Verba
1043 2195 1129 2248 ipsu
1175 2195 1405 2236 Aristoreni
1461 2196 1696 2251 subscripsi.-

115 2264 357 2316 Πυθαγόρας
402 2264 441 2306 δὲ
484 2269 560 2305 τῶν
604 2265 770 2316 ὀσπρίων
813 2263 976 2315 μοὶλιςα
1021 2264 1088 2306 τὸν
1131 2264 1288 2314 κύαμον
1328 2265 1566 2314 ἐδοκίμασεν
1599 2266 1694 2308 λίαν

117 2333 363 2377 ΚΙΝΗτικόν
396 2352 443 2377 τε
472 2335 553 2386 γὰρ
588 2333 687 2376 εἶναι
720 2335 786 2377 καὶ
821 2334 1123 2387 διαχωρητικόν.
1161 2335 1217 2376 διὸ
1250 2335 1318 2377 καὶ
1354 2335 1520 2386 μάλιςα
1550 2336 1697 2390 κέχρη-

116 2422 184 2449 ται
230 2407 351 2455 αὐτῷ.
418 2405 687 2448 Ostendimus
730 2406 812 2449 alio
850 2406 940 2448 1000
982 2420 1056 2462 pro
1098 2406 1193 2448 λίαν
1237 2407 1431 2455 κινητικόν
1479 2408 1694 2450 Aristoxe-

116 2492 220 2520 num
268 2478 477 2532 scripsisse
525 2477 748 2518 λειαντικόν
797 2491 846 2518 ex
887 2477 1074 2518 λειαίνειν
1119 2478 1337 2532 ίαοοὶρανο,
1379 2481 1428 2519 ut
1469 2492 1519 2520 ex
1564 2476 1696 2521 Gellii

115 2549 456 2603 interpretatione
486 2548 646 2603 liquido
678 2551 861 2603 apparet.
923 2547 1143 2589 Praeterea
1176 2548 1495 2605 corrigendum:
1527 2549 1694 2599 μαλιςα

118 2619 313 2670 ἐχρῆτο
348 2619 456 2670 αὐτῷ
488 2631 562 2673 pro
594 2618 771 2660 absurdo
803 2617 986 2672 perfecto
1019 2618 1236 2669 κέχρηται.

175 2689 336 2730 Deinde
378 2687 543 2731 Gellius
583 2703 634 2730 ne
676 2689 726 2730 ab
771 2687 1021 2730 animalium
1066 2689 1239 2744 quidem
1288 2704 1360 2732 esu
1404 2689 1696 2748 Pythagoram

118 2758 364 2802 abstinuisse
397 2758 528 2800 docet.
594 2759 804 2809 „Porculis
836 2774 981 2814 quoque
1012 2760 1243 2801 minusculis
1279 2759 1449 2817 (inquit)
1492 2765 1528 2802 et
1565 2761 1699 2802 lioedis

120 2829 374 2871 tenerioribus
406 2829 604 2871 victitasse
635 2829 735 2870 idem
768 2828 1025 2871 Aristomenus
1053 2830 1217 2886 refert.”
1248 2830 1427 2883 χοιρίδια
1458 2830 1526 2872 καὶ
1560 2831 1699 2884 ἐρίφια

120 2899 270 2946 ἁπαλά
302 2900 404 2943 haec
437 2898 587 2943 Graeci
620 2899 826 2942 dicebant.
890 2899 1160 2943 Demonstrat
1193 2901 1369 2958 denique
1397 2905 1576 2958 quantae
1604 2915 1702 2950 auc-
