1946 3298
944 145 1029 188 464

202 275 469 334 Pythagoras
512 274 602 322 τοὺς
649 272 844 324 δαίμονας
880 273 1045 315 dicebat
1077 285 1162 314 esse
1195 271 1380 314 Deorum
1413 270 1669 327 Super-orum
1700 271 1772 314 ho-

201 350 449 402 minumque
488 347 746 400 interpretes.
811 343 905 386 Vid.
948 342 1171 384 Platonem
1202 343 1247 384 in
1280 342 1472 397 Symposio
1504 355 1599 399 pag.
1634 341 1720 384 202
1739 357 1768 383 e.

261 488 310 528 In
341 487 478 541 primo
509 497 633 526 versu
665 482 775 524 docti
805 482 997 524 homines
1027 480 1203 537 litigant
1233 482 1340 522 sitne
1372 481 1638 523 scribendum
1667 479 1771 533 νόμῳ

204 559 252 605 ὡς
286 555 528 598 διακειΝτ-αι
576 567 626 595 an
669 551 887 595 διάκειται.
953 551 1144 592 Somniat
1174 549 1392 592 Hierocles
1423 552 1559 592 nescio
1592 551 1693 606 quid
1724 551 1773 592 de

202 628 387 669 Deorum
419 622 560 674 τάξει,
594 637 642 665 ex
676 636 757 678 qua
788 621 949 665 colendi
981 622 1075 662 sint.
1134 620 1253 672 Quod
1285 619 1473 662 Socrates
1505 622 1548 662 in
1581 621 1774 662 Memora-

203 697 346 738 bilibus
374 695 407 736 Ι.
448 696 488 737 3.
526 698 563 736 1.
606 693 752 735 fecisse
796 693 973 734 dicitur:
1019 693 1040 740 ἦ
1085 692 1168 743 γαρ
1211 692 1340 732 Πυθία
1384 690 1521 742 νόμῳ
1569 690 1773 738 πόλεως

204 769 362 818 ἀναιρεῖ
402 768 614 811 ποιοῦντας
659 762 834 813 εὐσεβῶς
881 762 930 804 ἂν
974 767 1098 804 ποιεῖν
1142 760 1359 813 Σωκράτης
1401 777 1447 802 τε
1480 760 1601 807 οὕτως
1635 762 1773 803 ἐποίει.

204 837 323 890 Quod
366 835 526 892 Pythia
567 834 669 876 dicit
712 833 816 886 νόμῳ
861 832 1014 879 πόλεως
1057 832 1101 873 id
1142 835 1281 873 noster
1321 834 1443 887 poeta
1475 831 1578 883 νόμῳ
1610 833 1659 878 ὡς
1692 831 1774 873 διά-

202 913 234 948 Κ
243 913 362 948 elwa
397 904 638 961 appellavit.

199 1062 260 1090 vs.
297 1047 333 1088 4.

381 1116 472 1163 τούς
506 1132 551 1157 τε
584 1120 715 1166 γονεῖς
749 1114 852 1164 τίμα
886 1114 976 1159 τούς
1009 1116 1046 1154 τ’
1080 1113 1231 1166 ἔγχε’
1266 1114 1551 1164 ἐκγεγαῶτας.

260 1188 420 1230 Vitiose
454 1187 560 1229 dixit
593 1186 878 1235 ἐκγεγαῶτας.
944 1184 989 1225 In
1023 1183 1171 1240 lingua
1203 1183 1333 1238 Epica
1363 1183 1576 1234 ἐκγεγαώς
1606 1184 1656 1226 de
1677 1184 1773 1238 filio

203 1260 378 1313 dicitur,
423 1261 471 1299 ut
514 1259 557 1298 in
600 1269 788 1298 sermone
829 1254 1023 1310 populari
1065 1255 1241 1305 γεγονὼς
1284 1253 1327 1294 ἔκ
1369 1269 1470 1300 τινος
1513 1258 1554 1295 et
1594 1254 1770 1304 ἔκγονος.

201 1330 357 1372 Posteri
398 1329 596 1370 dicuntur
639 1325 850 1377 γεγονέναι
894 1325 978 1367 ἀπό
1020 1340 1121 1371 τινος
1164 1328 1213 1365 ut
1254 1338 1373 1381 reges
1409 1324 1709 1379 Spartanorum
1741 1325 1773 1365 οἱ

203 1401 282 1454 ἀφ’
315 1399 556 1452 Ἡρακλέους
591 1397 822 1449 γεγονότες.
878 1396 940 1439 De
968 1395 1159 1449 moa-imis
1192 1395 1365 1448 coquaris
1396 1394 1501 1449 (περὶ
1535 1399 1610 1435 τῶν
1643 1395 1772 1446 ἄγχι·

202 1471 318 1525 ςέων)
352 1484 476 1513 nemo
507 1472 699 1512 veterum
735 1469 794 1509 sic
824 1466 1024 1522 loquitur.

260 1626 322 1654 vs.
359 1609 398 1652 6.

415 1680 557 1732 πραέσι
594 1679 626 1721 δ’
660 1677 741 1721 εἷκε
774 1677 910 1729 λόγοις
945 1676 1094 1729 ἔργοιο-ι’
1125 1678 1163 1718 τ’
1190 1677 1500 1729 ἐπωφελίμοισι.

261 1752 501 1804 Ὠφέλιμος
534 1754 682 1793 notum
719 1752 799 1799 est,
837 1749 906 1791 sed
941 1747 1200 1800 ἐπωφέλιμος
1229 1747 1485 1789 inauditum.
1532 1746 1609 1788 Est
1638 1747 1772 1788 forma

202 1823 444 1877 ἕπωφελής,
480 1823 552 1864 sed
584 1821 685 1863 haec
714 1834 876 1876 quoque
905 1821 948 1861 in
978 1819 1186 1874 decrepita
1215 1816 1391 1860 Graecia
1417 1821 1515 1859 nata
1538 1820 1614 1859 est.
1650 1816 1772 1859 Prae-

200 1898 310 1937 terea
354 1893 454 1948 quid
496 1894 551 1934 sit
592 1890 734 1942 πραέσι
780 1890 916 1940 λόγοις
960 1888 1078 1931 ε’ίκειν
1120 1891 1387 1944 perspicuum
1425 1891 1502 1938 est,
1539 1888 1608 1930 sed
1643 1886 1770 1940 ἔργοις

202 1965 421 2018 ὠφελίμοις
457 1962 576 2005 εἴκειν
607 1962 795 2018 intelligi
825 1962 983 2016 nequit.

259 2104 433 2146 Dixerat
465 2117 527 2145 vs.
563 2100 601 2143 7.
637 2102 720 2142 noli
752 2102 795 2142 ob
829 2101 910 2142 leve
937 2104 1134 2153 peceatum
1167 2099 1330 2139 amicum
1363 2103 1470 2139 tuum
1503 2098 1590 2140 odio
1618 2099 1770 2139 babere.

198 2175 339 2218 Multo
370 2172 646 2230 praeclariora
677 2171 943 2227 Pythagoras
975 2170 1023 2211 de
1056 2171 1204 2211 amicis
1236 2183 1318 2211 non
1351 2172 1507 2210 temere
1534 2169 1770 2211 reiiciendis

199 2247 495 2294 admonuerat,
530 2243 601 2284 sed
632 2242 729 2285 vide
762 2241 863 2296 quid
895 2244 1113 2296 sequatur:

378 2314 483 2367 ὄφρα
517 2312 633 2365 δύνῃ,
668 2312 838 2362 δύναμις
871 2311 953 2362 γαρ
988 2310 1173 2361 ἀνάγκης
1207 2311 1352 2361 ἐγγύθι
1386 2310 1498 2352 ναίει.

197 2402 279 2430 non
322 2386 541 2428 invenuste
584 2385 643 2424 sic
687 2383 795 2424 dixit
831 2396 928 2438 pro:
966 2396 1157 2436 „namque
1186 2381 1278 2432 fieri
1301 2386 1430 2435 potest
1462 2381 1653 2436 quidquid
1673 2382 1774 2435 fieri

197 2472 347 2499 neeesse
379 2454 470 2497 est?
503 2454 573 2496 sed
605 2452 712 2506 ὄφρα
746 2453 837 2505 δύνῃ
870 2467 992 2494 sensu
1027 2455 1138 2494 caret
1171 2455 1212 2493 et
1238 2451 1338 2506 quid
1365 2451 1531 2493 facilius
1558 2455 1620 2493 est
1646 2465 1772 2506 quam

199 2530 333 2571 amico
366 2527 446 2567 leve
468 2528 671 2578 peceatum
702 2521 923 2565 remittere?

259 2682 323 2710 vs.
361 2666 401 2708 9.

378 2738 519 2778 ταῦτα
552 2733 625 2783 μὲν
660 2731 781 2778 οὕτως
817 2733 917 2787 ἴσθι,
953 2738 1114 2784 κρατεῖν
1146 2733 1179 2774 δ’
1214 2733 1348 2785 εἷθίζεο
1380 2734 1512 2775 τῶνδε.

258 2811 420 2853 Vitiosa
452 2806 587 2847 forma
619 2807 679 2845 est
712 2802 906 2854 εἶθίζομαι
938 2817 1012 2859 pro
1046 2803 1239 2856 ἐθίζομαι.
1304 2802 1499 2844 Reourrit
1530 2817 1588 2845 vs.
1625 2804 1694 2846 35.

444 2874 600 2919 616ίῖου
637 2875 676 2916 δὲ
711 2873 871 2914 δίαιταν
905 2872 1014 2926 ἔχειν
1048 2874 1254 2926 καθαρειον
1287 2872 1497 2925 ἄθρυπτον.
