1946 3298
984 179 1068 223 306

235 315 393 364 superat
435 309 605 351 bonitate
646 306 838 355 Cizensis,
873 306 940 361 qui
970 306 1052 360 ipse
1083 307 1176 347 adeo
1206 307 1326 348 multo
1358 307 1528 349 deterior
1561 312 1616 350 est
1647 309 1809 350 Floren-

237 381 335 431 tino,
372 382 476 422 unde
507 394 590 419 cum
622 377 786 431 reliquis
816 377 990 417 omnibus
1022 381 1076 417 est
1099 382 1354 433 propaqatue

296 453 426 496 Nulla
468 450 592 502 iyz’tur
631 447 823 501 supererit
863 447 907 487 in
946 448 1016 488 illo
1051 447 1239 501 scriptore
1271 448 1449 489 lectionis
1480 449 1676 503 varietas,
1701 456 1810 503 post-

236 540 348 580 quam
380 524 427 563 de
459 519 688 562 lectionibus
718 518 983 558 Laurentium·
1015 518 1110 558 libri
1142 518 1369 559 constabit.”

292 595 437 649 Itaque
479 604 609 646 quum
653 590 854 644 cepissem
888 587 1111 630 consilium
1145 589 1453 631 observationes
1485 591 1687 644 quasdam
1721 589 1810 633 Cri-

232 669 336 709 tieas
380 664 426 706 ad
465 662 576 702 hune
608 659 833 701 Iamblichi
865 659 1024 701 librum
1067 660 1374 709 conscribendi,
1408 662 1690 702 necessarium
1723 675 1810 704 esse

233 740 375 780 visum
408 737 470 775 est
502 732 776 773 Laurentiani
808 728 973 771 Codicis
1007 731 1234 784 scripturas
1260 730 1402 772 ordine
1427 744 1571 772 omnes
1599 733 1643 772 in
1670 731 1810 774 lucem

232 807 436 863 proferre,
481 802 591 843 unde
634 802 769 843 omnis
809 801 935 842 huius
975 800 1075 842 libri
1115 800 1352 842 emendatio
1395 800 1600 856 proficisci
1644 802 1811 844 deberet

233 878 406 921 abiectis
438 872 677 929 quisquiliis
709 871 861 926 quibus
893 875 977 912 tres
1008 871 1199 912 Editores
1242 874 1406 912 textum
1451 871 1676 914 Iamblichi
1718 887 1810 914 one-

231 950 403 991 rassent.
466 944 655 986 Iudicavi
686 944 821 998 igitur
848 955 1016 983 omnem
1050 943 1278 996 scripturae
1312 941 1635 996 discrepantiam
1661 943 1735 985 ubi
1765 944 1810 984 in

230 1018 471 1062 Florentino
515 1015 666 1056 Codice
711 1013 832 1054 aliter
876 1013 932 1068 (et
971 1012 1054 1054 fere
1096 1026 1259 1067 semper
1301 1012 1471 1066 melius)
1512 1014 1716 1068 scriptum
1749 1017 1812 1055 est

231 1103 359 1146 quam
400 1089 444 1129 in
486 1086 740 1128 Kusteriana
781 1084 999 1137 Editione,
1039 1084 1083 1124 in
1125 1096 1206 1137 qua
1248 1097 1291 1124 re
1323 1085 1384 1124 ita
1415 1086 1604 1125 versatus
1635 1098 1730 1125 sum
1763 1087 1811 1125 ut

231 1163 398 1203 minuta
436 1157 627 1199 lectionis
667 1155 819 1197 menda
864 1158 904 1196 et
945 1153 1153 1196 tralaticia
1183 1168 1274 1195 raro
1307 1155 1583 1211 attingerem,
1616 1156 1812 1196 minutis-

233 1234 340 1273 sima
372 1234 413 1271 et
445 1227 697 1283 pervulgata
728 1227 999 1280 praeterirem
1032 1228 1073 1266 et
1104 1224 1270 1265 silentio
1299 1224 1539 1266 damnarem
1568 1223 1614 1281 1).
1666 1224 1813 1266 Obser-

233 1303 422 1345 vationes
465 1297 834 1353 palaeographicas
875 1295 950 1337 ubi
989 1309 1053 1336 res
1084 1294 1243 1336 ferebat
1274 1298 1315 1336 et
1348 1299 1553 1349 quantum
1586 1309 1659 1350 per
1689 1300 1813 1351 typos

234 1372 388 1414 licebat
430 1368 595 1421 addidi,
641 1367 713 1408 sed
755 1370 853 1407 sunt
894 1365 1098 1420 quaedam
1142 1365 1191 1406 de
1222 1379 1373 1421 genere
1405 1365 1506 1419 hoc,
1539 1379 1644 1420 quae
1674 1365 1812 1407 verbis

232 1442 410 1485 describi
456 1453 538 1481 non
586 1441 774 1493 possunt.
845 1436 998 1477 Editur
1044 1450 1078 1477 e.
1097 1449 1139 1491 g.
1189 1434 1396 1486 Ἡρακλέος
1444 1449 1518 1491 pro
1569 1434 1811 1491 ἡρακλέους,

216 1514 416 1568 γ”Αμιιρος
463 1515 503 1552 et
543 1509 708 1554 ’Ἄδικος
750 1521 823 1562 pro
866 1507 1059 1557 Εὔμοιρσς
1104 1502 1146 1547 et
1183 1506 1374 1555 Εὔδικος,
1419 1520 1524 1561 quae
1573 1507 1813 1548 scribuntur

229 1584 364 1625 forma
406 1591 491 1622 tam
535 1578 669 1621 simili
709 1582 757 1619 ut
800 1579 881 1618 nisi
925 1577 1149 1633 diligenter
1184 1577 1261 1618 hoe
1294 1590 1394 1632 agas
1425 1577 1560 1629 fugiat
1591 1581 1632 1618 te
1666 1577 1811 1619 discri-

228 1668 350 1707 men,
395 1649 752 1707 quemadmodum
794 1661 937 1690 omnes
979 1647 1316 1703 apographorum
1365 1648 1635 1702 descriptores
1682 1647 1808 1704 fugit.

229 1725 277 1766 In
308 1724 422 1765 hisce
453 1723 587 1778 igitur
618 1720 727 1761 mihi
760 1719 870 1760 credi
902 1717 1034 1759 velim
1067 1717 1194 1759 donec
1227 1719 1320 1772 quis
1354 1717 1461 1759 alius
1496 1721 1569 1759 aut
1597 1721 1683 1759 arte
1711 1718 1810 1773 pho-

233 1795 480 1851 tographica
512 1796 585 1833 aut
618 1790 700 1832 alia
733 1803 813 1844 qua
845 1790 1004 1830 ratione
1037 1787 1202 1830 Codicis
1234 1790 1460 1844 scripturas
1492 1787 1685 1830 fidelibus
1716 1802 1810 1831 oeu-

229 1865 282 1908 lis
315 1865 518 1906 subiicere
549 1862 747 1917 potuerit.

289 1936 548 1990 Expromam
580 1934 715 1989 igitur
747 1931 890 1973 ordine
922 1930 1119 1972 lectiones
1151 1942 1294 1971 omnes
1325 1942 1454 1970 novas
1487 1933 1527 1971 et
1559 1929 1810 1971 memorabi-

226 2007 310 2061 les,
359 2019 460 2061 quas
501 2006 545 2045 in
589 2003 739 2045 Codice
789 2001 1028 2043 Florentino
1070 2001 1259 2054 repperi,
1310 1999 1460 2041 addam
1510 2013 1578 2041 eas
1620 2013 1806 2055 quoque,

227 2078 378 2133 quibus
410 2075 664 2117 Criticorum
699 2074 958 2114 coniecturae
985 2069 1150 2112 Codicis
1178 2069 1410 2126 Archetypi
1438 2071 1688 2112 auctoritate
1715 2084 1808 2112 con-

226 2147 447 2189 firmantur
490 2150 531 2187 et
573 2145 742 2186 omnino
785 2157 852 2184 eas
894 2156 1061 2190 omneS‚
1106 2141 1155 2182 de
1198 2154 1280 2195 qua
1322 2140 1462 2195 aliqua
1495 2141 1702 2183 dubitatio
1735 2144 1808 2182 aut

227 2219 505 2260 controversia
549 2214 718 2256 Criticis
761 2214 953 2255 subnasci
989 2213 1144 2267 possit,
1190 2213 1234 2252 in
1277 2225 1358 2265 qua
1388 2225 1430 2252 re
1463 2211 1598 2253 malui
1629 2211 1809 2266 paucula

227 2289 400 2330 fortasse
431 2301 512 2329 non
544 2287 714 2328 omnino
746 2286 975 2326 necessaria
1008 2283 1185 2324 adiicere
1214 2295 1339 2336 quam
1367 2283 1562 2324 omittere
1589 2283 1805 2337 quippiam

227 2359 336 2414 quod
378 2358 544 2400 Editori
584 2369 692 2397 novo
732 2358 839 2396 esset
882 2354 989 2395 usui.
1053 2353 1235 2394 Enotavi
1273 2356 1416 2394 autem
1449 2367 1499 2394 ex
1532 2350 1683 2394 Codice
1714 2352 1807 2408 plu-

226 2431 336 2471 rima
378 2430 475 2483 quia
515 2430 632 2468 tanta
673 2429 761 2467 erat
796 2424 871 2466 illo
903 2427 1090 2478 tempore
1123 2422 1360 2464 Florentiae
1392 2422 1597 2464 librorum
1631 2421 1807 2465 Graeco-

224 2514 321 2541 rum
354 2499 548 2553 penuria,
583 2501 632 2537 ut
663 2496 886 2537 Arceriana
918 2495 1099 2536 editione
1130 2495 1311 2548 pessima
1342 2496 1383 2534 et
1411 2494 1684 2535 vitiosissima
1712 2507 1805 2535 con·

226 2573 367 2612 tentus
400 2582 487 2610 esse
519 2567 726 2608 deberem.

275 2765 305 2803 1)
339 2762 423 2804 Quid
454 2762 581 2803 prodest
612 2761 689 2791 scire
717 2760 748 2790 in
782 2762 793 2799 ς’
827 2762 853 2791 9.
889 2756 1135 2798 εὖμορφώτατος
1167 2769 1231 2789 esse
1261 2759 1293 2789 in
1317 2759 1351 2789 F.
1376 2759 1528 2800 scriptum
1553 2761 1582 2789 et
1607 2761 1619 2798 ς’
1645 2760 1695 2790 58.
1721 2760 1808 2789 κενοῦ

228 2835 286 2867 pro
317 2822 422 2852 καινοῦ
451 2824 481 2852 et
514 2827 526 2861 ᾖ
559 2821 609 2851 65.
634 2818 890 2859 περικαλεςάτην
915 2823 944 2849 et
968 2822 980 2859 ς’
1007 2818 1056 2851 67.
1084 2815 1248 2848 λεῦσεσ-κε.
1296 2820 1334 2850 In
1360 2818 1583 2859 antiquissimis
1607 2818 1696 2850 libris
1718 2830 1807 2862 saepe

227 2885 344 2926 legitur
378 2879 462 2912 οὐδέν
494 2891 546 2919 μοι
579 2878 693 2918 μέλλει
717 2884 745 2911 et
770 2879 809 2910 τί
830 2890 879 2909 σοι
905 2880 1035 2917 μέλλει,
1060 2882 1089 2909 et
1115 2882 1223 2909 contra
1246 2876 1332 2917 μέλω
1359 2876 1466 2917 λέγειν
1491 2880 1521 2909 et
1545 2876 1631 2917 μέλω
1655 2878 1805 2917 ποιήσειν.

229 2939 369 2972 Stultum
393 2939 438 2968 est
461 2936 536 2967 haec
560 2935 673 2976 ubique
698 2935 803 2966 sedulo
827 2937 986 2966 annotare.
