1946 3298
914 178 970 223 95

157 302 259 353 γύη,
303 301 374 343 sed
414 301 431 342 ὁ
474 301 578 352 γύης
621 307 663 345 et
705 305 737 346 οἱ
779 304 905 355 γύαι,
945 307 1055 361 quod
1096 307 1233 360 iuqera
1279 310 1320 348 et
1362 322 1459 348 arva
1491 308 1724 364 significat,

155 386 288 428 neque
321 375 384 414 est
415 373 542 415 huius
571 373 667 416 loci.
730 375 851 417 Nihil
884 376 998 418 aliud
1031 378 1219 419 admittit
1251 377 1333 419 loci
1365 379 1570 419 sententia
1602 392 1726 433 quam

155 441 264 491 ἄλλη
298 449 485 485 HOAIC.
549 443 758 488 Continuo
789 448 999 501 sequitur:

430 515 497 556 καὶ
531 517 719 567 τούρανοῦ
751 518 809 567 γ’,
842 515 891 563 ὥς
923 521 1077 570 φασιν,
1112 518 1194 562 ἔςιν
1227 519 1266 559 ἐν
1299 519 1427 570 καλῷ.

156 584 224 626 καὶ
258 585 340 631 πῶς
374 584 413 627 οἵ
437 601 488 635 γε
521 586 772 635 λΙμώττουσι
808 588 876 629 καὶ
910 592 1061 630 νοσοῦσι
1096 589 1163 630 καὶ
1198 589 1241 630 τὸ
1276 587 1396 629 πλέον
1429 589 1559 630 αὐτῶν
1593 589 1726 630 αἰπόλ-

156 665 277 697 λυται
312 656 387 697 ὑπὸ
415 660 490 696 τῶν
516 656 638 706 οὶέρων
668 657 688 706 ἢ
718 662 793 699 τῶν
818 659 1035 709 πολεμίων.
1084 658 1200 701 Coeli
1227 659 1449 701 salubritas
1473 659 1536 700 nil
1562 659 1729 714 prodest

156 727 354 769 adversus
387 727 575 781 inopiam
608 730 650 769 et
670 729 847 783 samem,
883 730 953 771 sed
984 730 1234 786 pervulgato
1266 743 1399 771 errore
1432 730 1600 771 confusa
1631 734 1729 770 sunt

156 796 274 847 λιμός
308 800 350 838 et
381 796 544 852 λοιμός,
579 801 620 840 et
654 801 702 840 tu
735 801 918 857 corrige:
952 801 1018 842 καὶ
1054 805 1135 848 πῶς
1169 799 1208 842 οἵ
1234 817 1284 851 γε
1318 800 1626 850 λΟΙμώττουσι.

213 936 318 993 Pag.
348 934 446 978 341.
479 936 517 992 (ἡ
545 936 671 992 τύχη)
699 937 846 990 Κροίσῳ
874 938 1004 981 δίδωσι
1032 939 1203 992 χρυσόν,
1230 938 1448 991 Κανδαύλη
1474 944 1651 989 γυναῖκα
1672 964 1726 970 ——-

154 1007 488 1056 Λακεδαιμονίοις
534 1008 620 1055 Την
665 1009 883 1056 Ἀθηναίων
929 1009 1157 1052 θαλασσαν.
1229 1010 1489 1052 Felicissime
1535 1009 1723 1052 Dindorf.

153 1077 487 1128 Λακεδαιμονίοις
522 1083 624 1133 Γῆν,
660 1078 920 1126 ἈθηναίΟΙΟ
952 1080 1183 1123 θαλασσαν.

213 1218 331 1261 Tom.
365 1217 412 1260 Il.
448 1232 544 1275 pag.
581 1218 681 1260 343.
719 1217 776 1262 ἕςι
812 1220 852 1262 δὲ
883 1219 1033 1262 ἄτοπον
1067 1221 1102 1262 εἴ
1133 1226 1226 1263 TIC
1259 1222 1332 1270 μὲν
1364 1219 1506 1265 ἕκαςος
1537 1221 1579 1261 οὐ
1613 1220 1726 1261 δύνα-

154 1305 223 1331 ται
267 1289 401 1342 φέρειν
446 1289 567 1335 ἐνίους
609 1294 684 1330 τῶν
727 1291 1019 1342 εὐτυχούντων,
1048 1316 1100 1322 —
1127 1293 1197 1339 την
1241 1291 1280 1332 δὲ
1322 1292 1453 1344 τύχην
1496 1292 1578 1332 θεὸν
1608 1288 1728 1333 οὖσαν

154 1361 262 1411 ἀξιοῖ
301 1365 381 1406 τοῖς
418 1361 554 1406 αὐτοῖς
589 1359 742 1408 τούτοις
776 1361 896 1414 συζῆν
931 1362 994 1403 δια
1030 1362 1198 1407 παντός.
1264 1362 1406 1404 Multa
1438 1362 1628 1403 Editores
1659 1375 1729 1403 no-

153 1435 278 1486 vant,
307 1431 378 1473 sed
407 1432 450 1472 in
482 1445 565 1472 una
597 1434 765 1472 tantum
796 1431 919 1474 litera
950 1434 1106 1475 vitium
1138 1436 1214 1475 est.
1236 1487 1244 1492 „
1264 1432 1426 1490 Corrig.
1460 1434 1491 1474 εἰ
1523 1438 1607 1474 ele
1636 1429 1725 1488 (εἷς)

154 1503 228 1554 μὲν
257 1500 401 1548 ἕκαςος
433 1502 515 1543 κτὲ.

211 1633 316 1689 Pag.
380 1631 478 1673 343.
542 1632 802 1674 Ἀδικώτατα
849 1648 916 1682 μοι
958 1633 1133 1675 δοκοῦσιν
1177 1633 1372 1684 ἐγκαλεῖν
1415 1635 1447 1675 οἱ
1492 1633 1632 1675 πολλοὶ
1678 1638 1726 1686 τῇ

151 1702 281 1757 τύχη,
325 1706 387 1745 est
425 1716 557 1745 novae
593 1702 995 1746 declamatiunculae
1027 1705 1221 1759 initium,
1255 1705 1375 1746 cuius
1406 1707 1529 1759 pauci
1562 1707 1729 1746 tantum

150 1773 232 1816 loci
264 1775 448 1828 excerpti
479 1777 716 1828 supersunt.

211 1894 316 1951 Pag.
353 1893 449 1936 349.
486 1893 561 1935 κᾶν
594 1895 668 1945 μὲν
700 1892 829 1945 ἕτερός
862 1910 923 1941 τις
956 1896 1013 1944 μη
1048 1896 1267 1947 κατεαγὼς
1295 1898 1366 1945 την
1394 1896 1583 1948 κεφαλὴν
1609 1895 1728 1943 δήση-

151 1982 220 2007 ται
263 1967 584 2015 καταγελᾶται,
632 1970 713 2012 τοῖς
761 1964 800 2006 δὲ
844 1965 1064 2015 βασιλεῦσι
1108 1967 1271 2018 πρέπειν
1316 1968 1423 2009 δοκεῖ
1462 1968 1527 2008 καὶ
1574 1966 1725 2008 πολλαὶ

151 2035 340 2089 μυριάδες
384 2038 618 2085 τεθνήκασιν
662 2036 756 2087 ὑπὲρ
798 2036 939 2077 τούτου
987 2040 1056 2078 τοῦ
1105 2037 1260 2089 ῥακους.
1335 2038 1606 2095 Legendum:
1655 2038 1727 2086 την

153 2108 340 2159 κεφαλὴν
385 2107 678 2157 ΔΙΛδήσηται,
726 2110 767 2149 et
807 2109 867 2149 sic
909 2107 1082 2149 demum
1124 2112 1294 2164 apparet
1334 2108 1379 2150 τὸ
1413 2107 1528 2161 ῥάκος
1563 2122 1650 2150 esse
1681 2108 1726 2149 τὸ

153 2177 348 2229 διάδημα.

211 2297 317 2355 Pag.
365 2297 465 2340 354.
511 2296 548 2339 εἴ
584 2313 643 2343 τις
690 2297 849 2350 ἐπῳδὰς
892 2298 1069 2347 ἦπίςατο
1113 2299 1227 2350 παρα
1269 2303 1341 2346 τῆς
1375 2298 1558 2346 Μηδείας
1589 2299 1726 2349 μαθὼν

154 2368 176 2417 ἢ
217 2368 332 2420 παρα
365 2373 439 2410 τῶν
470 2371 705 2409 Θετταλῶν.
770 2367 900 2410 Scrib.
937 2369 1051 2420 παρα
1084 2373 1158 2411 τῶν
1191 2369 1467 2411 Θετταλίδων.
1529 2368 1652 2411 Plato
1683 2371 1727 2410 in

156 2439 302 2491 Goryia
332 2453 428 2496 pag.
465 2437 563 2480 513.
583 2454 619 2479 a.
653 2437 755 2484 ὅπως
790 2440 846 2488 μη
882 2438 1103 2489 πεισόμεθα
1135 2437 1230 2492 ὅπερ
1259 2440 1365 2491 φασὶ
1400 2441 1477 2485 τας
1511 2440 1581 2487 την
1609 2440 1728 2486 σελη-

153 2526 218 2558 νην
261 2510 528 2562 καθαιρούσας
566 2509 642 2555 τας
679 2509 963 2559 Θετταλίδας,
998 2514 1038 2552 et
1069 2525 1190 2565 saepe
1222 2513 1279 2552 sic
1312 2509 1574 2566 appellantur
1605 2524 1728 2552 vene-

152 2579 252 2622 ficae
295 2595 343 2622 ex
391 2579 628 2629 Thessalia,
671 2594 850 2635 quarum
893 2581 1070 2621 earmina
1112 2580 1299 2634 (ἐπῳδαί)
1337 2582 1384 2622 de
1426 2581 1527 2622 coelo
1566 2586 1728 2634 possunt

153 2652 340 2692 deducere
372 2652 517 2693 lunam.

214 2770 333 2812 Tom.
379 2771 437 2813 II.
475 2785 569 2828 pag.
607 2770 707 2813 420.
742 2770 1027 2821 πεπλησμένον
1063 2772 1222 2823 ὁρῶντες
1256 2770 1378 2813 αὐτὸν
1411 2770 1487 2812 ὑπὸ
1516 2769 1625 2812 νόσου
1658 2771 1724 2813 καὶ

154 2840 334 2881 οἰδοῦντα
367 2842 433 2882 καὶ
468 2840 650 2882 ὕπουλον.
714 2841 836 2882 Nihil
870 2845 930 2883 est
963 2843 1196 2890 πεπλῆσθαι
1232 2842 1306 2883 ὑπὸ
1341 2841 1464 2884 νόσου.
1528 2841 1725 2897 Suspicor

154 2910 333 2953 Dionem
363 2914 573 2967 scripsisse
601 2907 895 2962 bren-Pmus'vov
926 2913 1120 2967 inflatum.
