1946 3298
211 263 235 320 ξ
277 262 373 306 165.

273 333 373 378 1¹72.

273 404 372 449 1¹73.

272 475 371 520 174.

272 616 371 662 178.

272 687 372 731 180.

270 757 372 801 181.

270 828 369 871 182.

269 899 369 942 185.

270 969 371 1014 186.

269 1040 369 1083 188.

268 1110 368 1154 196.

268 1180 368 1226 197.

268 1252 367 1295 198.

267 1323 368 1366 199.

265 1394 366 1437 200.

265 1465 363 1507 205.

264 1535 366 1579 208.

262 1607 365 1650 212.

262 1677 361 1720 213.

261 1748 361 1791 214.

260 1819 361 1862 215.

258 1890 360 1932 216.

259 2031 359 2075 222.

259 2102 361 2146 223.

257 2172 358 2215 224.

257 2244 357 2287 225.

255 2385 355 2429 226.

254 2455 353 2499 233.

255 2598 352 2641 238.

253 2667 354 2712 247.

251 2809 350 2854 264.

252 2880 352 2925 265.

953 136 1040 181 480

409 262 458 312 ὥς
490 279 590 307 ποτε
622 262 772 314 συνέβη
806 262 1011 315 γενέσθαι.

405 336 459 388 τῷ
494 336 654 388 ἱατρικῷ
687 334 906 388 προσέοικε.
940 360 993 366 -
1028 334 1121 387 πρὸς
1155 333 1195 377 δὲ
1227 333 1382 385 τούτοις
1416 335 1636 387 θεαίτητος.

406 406 613 458 ἐλευθέρας
647 406 959 458 μετασχόντας.

406 475 654 526 δικαιοσύνην
695 493 740 520 τε
785 477 853 519 καὶ
897 477 953 519 τα
997 475 1148 519 δίκαια.
1182 501 1240 508 -
1273 477 1341 519 καὶ
1387 477 1499 520 κατα
1540 477 1617 524 τας
1652 477 1780 519 ἐπιθυ-

403 549 518 598 μίας.

405 618 568 661 ε’πειδοὶν
601 620 656 666 εἷς
688 619 786 675 ᾅδου
818 619 966 674 μέλλη.
989 644 1043 651 —-
1062 618 1308 672 προάγοντος
1343 619 1408 662 ἐπὶ
1441 619 1513 668 την
1547 619 1777 663 θάλατταν.

405 687 464 731 ἔςι
499 688 580 742 γάρ
613 706 652 732 τι
685 690 849 741 ὁμιλίας
881 688 1001 737 εἶδος.

405 759 566 809 ὁμιλίας
601 760 781 812 ἐλέγετο.
809 760 1014 808 ὡσαύτως.

405 829 589 873 διδακτόν
621 848 666 874 τε
700 831 768 874 καὶ
806 830 1085 885 άπαράλογον.

404 903 682 953 προσκυνήσας
715 902 869 957 ἐξέλθῃ.

406 972 475 1013 καὶ
509 974 554 1015 τὸ
591 972 715 1026 ζυγὸν
748 973 787 1015 δὲ
820 973 893 1024 μή.

402 1042 468 1084 δια
501 1043 557 1085 τα
588 1043 700 1086 αὐτοὶ
735 1043 775 1086 δὲ
807 1043 876 1086 καὶ
910 1043 1076 1086 άνοινία.

402 1112 613 1162 διακέηται
645 1114 714 1156 καὶ
749 1115 805 1165 μη
838 1114 937 1157 ποτὲ
971 1114 1044 1165 μὲν
1077 1113 1188 1167 ῥικνοὶ
1223 1114 1286 1156 ὁτὲ
1316 1114 1371 1157 δέ.

404 1184 597 1235 ὀργισθείς
631 1201 677 1226 τε
710 1184 778 1227 καὶ
812 1184 1113 1236 ἀγανακτήσας
1147 1182 1285 1232 οὕτως.

401 1255 450 1301 ὡς
482 1254 563 1297 ἴδια
596 1255 851 1309 γνωρίζεται.

402 1324 484 1367 άπὸ
517 1330 589 1373 τῆς
624 1326 886 1377 συγγενείας.

400 1394 564 1444 οένόητον
597 1396 672 1447 μὲν
705 1395 805 1439 εἶναι
838 1396 906 1438 καὶ
936 1395 995 1438 τό.

401 1467 637 1516 ἐπικτήτους
671 1484 716 1509 τε
747 1467 832 1510 καί.
867 1493 920 1498 -
956 1466 1011 1510 διὸ
1045 1466 1090 1516 δη
1123 1467 1191 1509 καὶ
1233 1467 1418 1516 πλείςης.

398 1538 574 1590 χρῆσθαι
607 1538 700 1591 πρὸς
736 1540 807 1588 την
841 1537 991 1590 τροφήν
1026 1562 1057 1568 -
1115 1542 1191 1579 τῶν
1225 1537 1311 1590 περὶ
1345 1537 1585 1586 άσκληπιόν.

397 1609 454 1659 μη
487 1609 598 1659 μετα
633 1608 769 1658 πάσης
804 1609 976 1658 σπουδῆς
1014 1634 1068 1641 -
1101 1606 1207 1651 εἶναι’
1237 1624 1284 1650 τε
1316 1608 1385 1650 καὶ
1419 1609 1503 1661 ζῆν.

397 1678 670 1732 ἰσχυροτάτην
702 1696 748 1721 τε
780 1680 863 1722 καί.
1056 1672 1059 1674 ,

397 1748 513 1791 άλλα
545 1751 599 1792 τα
633 1755 708 1792 τῶν
740 1751 924 1793 τοιούτων
959 1749 1309 1799 ἐπιτηδευμάτων.

395 1820 481 1872 περὶ
516 1821 587 1869 την
620 1827 697 1872 γῆν
732 1822 1069 1874 ἐπιςρεφομένων.

393 1891 678 1944 βλασφημίας
713 1892 842 1940 δεινάς
879 1891 1099 1945 προφέρειν.
1121 1889 1290 1938 -ἕσας
1324 1908 1374 1942 γε
1409 1891 1531 1934 αὐτὸν
1563 1892 1631 1933 καὶ
1660 1892 1773 1935 ἐθαύ-

392 1961 501 2014 μαζε
535 1964 585 2009 ὡς
616 1961 682 2005 ἄν.

393 2031 493 2085 άχρι
526 2033 716 2076 τοσούτου
749 2033 924 2084 μνήμης.

395 2102 650 2155 παράκλησις
685 2105 729 2146 τὸ
763 2104 867 2158 νόμῳ
901 2104 1072 2154 βοηθεῖν.

393 2174 447 2216 τοὶ
480 2177 622 2227 ψυχῆς
655 2175 777 2223 πάθη.

392 2246 599 2296 γενναίως.
634 2249 750 2288 τοῦτο
786 2246 826 2288 δὲ
859 2245 1057 2297 ἐπαγρίαι
1090 2248 1158 2288 τοῦ
1192 2248 1392 2296 λογισμοῦ
1426 2245 1494 2287 καὶ
1528 2246 1768 2299 εἱλικρίνειαι

391 2320 466 2358 τῶν
498 2317 787 2370 ἐμποδιζόντων
821 2315 1119 2365 ἐπετηδεύοντο.
1154 2320 1270 2358 τοῦτο
1305 2317 1344 2358 δὲ
1379 2316 1594 2368 ἑχεμυθιά.

389 2388 540 2429 άνοινία
576 2413 630 2418 -
663 2387 972 2436 άνεπιτήδευτος
1006 2387 1300 2440 περιφρόνησις.

390 2461 523 2503 καλῶς
565 2457 605 2499 δὲ
646 2460 766 2500 ταῦτ’
811 2455 912 2499 εἶναι
957 2457 1187 2509 κεκριμένα.
1220 2482 1274 2488 ——
1309 2455 1453 2501 ἕκαςον
1486 2473 1768 2512 κατακεχωρι-

390 2527 544 2578 σμένον.
581 2553 633 2558 -
669 2529 686 2570 ὁ
721 2528 841 2575 αὐτὸς
878 2529 918 2570 δὲ
951 2527 1087 2579 λόγος.

389 2599 495 2649 μήτε
530 2597 714 2646 δαπάνης
745 2600 801 2648 μη
835 2599 875 2640 δὲ
907 2601 1019 2649 μιας.

389 2669 569 2721 ἕξώφορα
612 2669 666 2710 τα
711 2669 951 2722 πυθαγόρου.
999 2693 1053 2701 -
1097 2668 1164 2711 καὶ
1212 2669 1251 2710 ἐν
1299 2669 1520 2720 αἱνίγμασί
1566 2685 1647 2713 τισι
1695 2671 1763 2713 καὶ

389 2740 566 2792 γρίφοις.

385 2815 457 2858 τῆς
491 2809 601 2852 κατα
634 2813 710 2851 τῶν
744 2809 1014 2862 πυθαγορείων
1046 2809 1262 2861 γενομένης
1297 2809 1521 2857 ἐπιθέσεως.

387 2881 648 2935 δαμοφῶντος
677 2880 694 2922 o‘
714 2881 976 2934 κροτωνιάτης
998 2907 1050 2912 —
1070 2880 1135 2924 δια
1154 2882 1198 2924 τὸ
1217 2879 1426 2934 ἐξαιρέτως
1455 2881 1760 2935 κεκρατηκέναι.
