1946 3298
928 164 1013 207 498

181 289 349 343 Iovem,
393 294 450 334 sic
492 294 536 334 in
573 291 711 333 insula
753 291 872 334 Naxo
914 292 1128 333 Bacchum
1159 292 1379 347 praecipue
1411 292 1574 336 cultum
1607 293 1749 334 tuisse.

243 431 348 488 Pag.
384 431 470 473 300
488 447 520 473 e.
558 431 645 473 ἐπεὶ
679 431 719 473 δὲ
753 436 952 482 πειρῶσαν
987 431 1003 472 ὅ
1036 430 1206 477 Εὔνοςος
1241 433 1534 483 ἀπετρΕψατο.
1580 433 1756 474 Prorsus

183 514 205 542 a
237 503 297 543 rei
339 507 489 544 natura
531 502 718 544 alienum
761 507 823 544 est
862 503 1177 553 ἀποτρέπεσθαι.
1242 500 1549 559 Corrigendum
1583 504 1754 554 ἀπετρΙ-

182 574 293 622 ψατο
326 572 498 625 reppulit
528 589 551 612 a
579 586 678 621 sese,
727 577 957 626 aspernatus
990 576 1058 613 est.
1119 571 1232 613 Nota
1263 576 1326 614 est
1357 573 1458 615 haec
1491 573 1676 615 confusio
1709 587 1756 615 ao

182 640 386 696 frequens.
450 642 768 692 Ἀποτρίβεσθαι
810 644 854 683 in
897 642 1218 684 desuetudinem
1261 643 1420 684 abierat
1463 646 1504 685 et
1546 643 1620 685 ubi
1657 642 1757 684 libri

181 715 341 753 veteres
381 713 691 764 ἀποτρΙψαο-θαι
735 713 1010 762 exhibebant,
1058 711 1254 754 Graeculi
1286 722 1435 755 notum
1469 715 1548 755 sibi
1578 714 1756 756 verbum

182 781 494 833 ἀποτρέψασθαι
528 784 852 825 substituebant.
893 783 1104 825 Notarunt
1130 784 1179 826 de
1206 799 1285 825 usu
1313 785 1431 826 verbi
1460 783 1754 840 Wyttenbach.

183 852 235 894 ad
273 852 494 895 Plutarchi
535 855 716 896 Moralz'a
747 868 844 910 pag.
879 853 935 895 &22
953 869 984 895 ο.
1020 859 1061 895 et
1093 868 1194 908 quos
1225 854 1299 896 ille
1330 854 1475 896 laudat
1507 853 1755 910 Wesseling.

186 924 237 966 ad
278 923 399 966 Diod.
445 923 527 966 Sic.
571 924 692 966 Tom.
725 924 778 966 Π.
817 939 911 981 pag.
950 924 989 965 6.
1025 928 1065 965 et
1099 924 1366 966 Valckenaer.
1402 925 1453 966 ad
1486 924 1758 966 Theocritum

182 1008 278 1051 pag.
316 993 416 1036 260.
466 992 730 1036 Confusionis
763 1009 888 1049 quam
923 995 1109 1036 diximus
1138 995 1329 1050 exempla
1354 995 1557 1049 quaedam
1587 993 1759 1049 collegit

184 1065 233 1106 L.
251 1065 440 1107 Dindorf.
475 1066 526 1107 ad
559 1065 622 1107 St.
656 1065 734 1106 Th.
768 1067 839 1120 qui
867 1067 1025 1120 optime
1054 1067 1229 1106 correxit
1257 1066 1368 1120 apud
1394 1065 1607 1106 Plutarch.
1638 1064 1758 1106 Tom.

184 1136 238 1178 Π.
271 1150 369 1192 pag.
406 1135 490 1177 122
510 1140 543 1177 b.
588 1135 636 1177 σὺ
682 1135 726 1183 δὴ
768 1138 953 1176 Γλαῦκον
984 1159 1039 1165 -
1073 1136 1139 1176 τὸν
1173 1135 1304 1185 ἰατρὸν
1339 1136 1623 1186 ἀπετρίψω
1657 1150 1760 1182 συμ-

188 1210 431 1260 Φιλοσοφεῖν
480 1208 574 1255 ἡμῖν
622 1206 884 1256 βουλόμενον.
934 1207 1002 1247 cui
1044 1205 1166 1247 alter:
1220 1207 1288 1247 οὐκ
1341 1206 1759 1256 ἀπετριψάμην,

185 1292 260 1334 pro
293 1277 512 1330 ἀπετρέψω
546 1282 587 1319 et
620 1277 933 1327 ἀπετρεψάμην.
986 1276 1103 1317 Idem
1135 1276 1226 1318 loco
1259 1282 1399 1319 nostro
1432 1279 1630 1327 πειρῶσαν
1661 1277 1762 1317 ἀπε-

187 1350 363 1402 τρίψατο
396 1349 645 1391 emendavit.
695 1347 887 1389 Plurima
920 1348 1003 1388 alia
1035 1361 1085 1388 ex
1117 1346 1345 1389 Plutarcho
1368 1348 1542 1402 proferri
1569 1350 1762 1402 possunt,

189 1425 238 1462 ut
280 1423 324 1462 in
365 1421 455 1462 Vita
493 1418 610 1459 Fabii
653 1418 722 1459 46.
767 1417 837 1458 42.
883 1418 1144 1468 ἀπετρίψατο
1177 1420 1247 1465 τὴν
1282 1418 1436 1467 δέησιν,
1479 1420 1524 1460 in
1561 1418 1765 1460 Coriolano

191 1490 260 1534 17.
296 1489 365 1532 16.
398 1490 489 1535 τοὺς
523 1490 597 1538 μὲν
631 1487 864 1540 δημάρχους
901 1476 1175 1539 ἀπετρίψατο.
1209 1490 1253 1530 in
1286 1489 1413 1530 Paulo
1445 1489 1614 1531 Aemilio
1647 1487 1687 1530 9.
1723 1487 1763 1530 4.

189 1561 327 1609 ςόλους
377 1559 589 1612 μεγάλους
637 1559 994 1611 ἀποτριψάμενος,
1040 1560 1084 1600 in
1131 1559 1282 1614 quibus
1330 1560 1527 1601 omnibus
1569 1559 1669 1600 fibri
1712 1560 1766 1600 ti-

188 1633 351 1674 tubant.

251 1703 382 1758 Saepe
421 1703 591 1758 ponitur
633 1705 682 1743 ut
722 1702 764 1743 h.
799 1701 826 1743 l.
861 1702 905 1742 in
946 1715 990 1742 re
1033 1702 1237 1743 amatoria
1269 1700 1408 1751 veluti,
1435 1701 1480 1742 in
1511 1702 1600 1742 vita
1635 1699 1768 1741 Thesei

190 1774 261 1817 26.
296 1774 365 1816 20.
401 1776 472 1820 τὴν
517 1778 658 1824 πεῖραν
702 1774 873 1824 ἰσχυρῶς
909 1773 1231 1823 ἀποτρίψασθαι.
1267 1776 1308 1813 et
1339 1773 1384 1813 in
1420 1772 1553 1814 Mario
1587 1770 1658 1813 40.
1696 1769 1768 1812 40.

191 1848 236 1889 τὸ
269 1849 419 1897 πρῶτον
453 1844 700 1895 ἀπετρίβετο
735 1845 805 1891 τὴν
839 1841 1053 1893 ἄνθρωπον.

251 1915 315 1960 Cf.
356 1916 572 1957 Observata.
606 1916 661 1956 ad
689 1915 854 1970 Dionys.
890 1914 990 1955 Hal.
1023 1928 1120 1970 pag.
1155 1912 1258 1955 213.

250 2059 422 2112 Quoties
463 2057 574 2099 hunc
606 2055 827 2097 Plutarchi
854 2054 1038 2108 librum,
1073 2054 1145 2108 qui
1181 2051 1303 2095 Αἴτια
1338 2050 1550 2101 Ῥωμαικά
1579 2050 1770 2093 inscribi-

189 2134 282 2180 tur,
324 2128 466 2184 relego
510 2129 641 2169 miror
684 2140 765 2181 quo
808 2129 929 2180 pacto
968 2126 1035 2167 vir
1067 2138 1190 2165 sanus
1224 2137 1269 2165 ac
1302 2123 1464 2165 sobrius
1495 2126 1558 2164 tot
1589 2120 1770 2177 pueriles

189 2199 363 2242 fabellas
396 2203 437 2240 et
469 2197 579 2239 male
612 2211 709 2238 sana
743 2199 981 2237 commenta
1013 2199 1053 2236 et
1087 2194 1287 2235 absurdas
1316 2193 1600 2250 etymologias
1627 2205 1771 2234 conco-

192 2284 316 2326 quere
347 2270 532 2324 potuerit
564 2272 605 2309 et
638 2269 744 2308 serio
779 2267 970 2307 scribere.
1035 2264 1193 2306 Hausit
1226 2264 1303 2305 hoc
1336 2278 1385 2305 ex
1422 2264 1771 2318 Antiquariorum

194 2339 492 2382 consuetudine
527 2341 568 2379 et
599 2337 800 2385 lectione,
847 2335 1031 2377 Varrone
1065 2337 1336 2390 potissimum
1371 2338 1412 2375 et
1444 2334 1570 2382 Iuba,
1603 2335 1647 2374 in
1681 2334 1771 2387 qui-

193 2411 272 2452 bus
305 2411 488 2451 cernitur
519 2422 646 2463 quam
679 2421 828 2449 verum
863 2408 917 2448 sit
950 2406 1059 2448 illud
1090 2406 1282 2447 Timonis
1314 2408 1384 2447 τοῦ
1420 2403 1727 2456 σιλλογράφου·

435 2478 857 2532 πουλυμαθημοσύνη,
891 2482 962 2525 τῆς
998 2478 1040 2518 οὐ
1075 2477 1302 2528 κενεώτερον
1335 2476 1459 2518 οὐδέν.

255 2550 376 2593 Nihil
409 2553 470 2590 est
504 2550 617 2590 enim
650 2552 738 2589 tam
771 2548 999 2589 absurdum
1025 2547 1134 2602 quod
1161 2546 1249 2588 illis
1275 2561 1358 2588 non
1386 2560 1534 2588 sanum
1559 2548 1600 2587 et
1622 2558 1773 2586 verum

195 2626 237 2665 et
279 2626 440 2663 certum
481 2632 567 2660 esse
611 2618 819 2660 videatur.
884 2617 946 2659 De
989 2618 1183 2659 Evandro
1227 2622 1268 2659 et
1306 2621 1440 2659 matre
1475 2615 1698 2658 Carmenta
1731 2617 1772 2656 et

196 2692 307 2735 bello
338 2690 516 2732 Troiano
548 2690 609 2729 ita
635 2688 888 2742 loquuntur,
919 2690 1037 2742 quasi
1054 2688 1155 2730 haec
1173 2690 1314 2730 omnia
1331 2695 1403 2729 aut
1422 2701 1495 2729 sua
1513 2690 1585 2728 aut
1602 2689 1772 2740 patrum

196 2763 402 2806 memoria
433 2763 551 2817 gesta
584 2762 732 2800 essent.
795 2759 1022 2799 Evandrum
1057 2759 1251 2799 Hercules
1283 2759 1421 2798 literas
1448 2756 1600 2806 docuit,
1635 2755 1770 2807 γράμ-

186 2838 319 2885 ’ματα
353 2832 442 2876 τοὺς
477 2828 563 2879 περὶ
598 2828 798 2878 Εὔανδρον
833 2827 1009 2877 ἐδίδαξεν
1046 2830 1251 2880 Ἡρακλῆς
1285 2842 1381 2884 pag.
1417 2825 1503 2869 278
1522 2842 1553 2867 e.

261 2902 485 2947 Carmenta
515 2903 651 2942 mater
681 2898 790 2940 unde
817 2912 969 2941 nomen
995 2899 1166 2941 haberet
1192 2898 1432 2953 Antiquarii
1459 2898 1770 2953 perspexerunt.
