1946 3298
889 129 973 174 48¹7

151 273 265 310 μενος
309 256 384 299 ὑπὸ
425 262 497 305 τῆς
541 257 689 309 μητρὸς
735 255 799 297 ἐπὶ
833 255 909 301 τοὶς
944 253 1061 307 θύραις
1097 255 1300 307 Σήμερον,
1337 253 1469 308 εἶπεν,
1504 255 1531 299 ὦ
1563 261 1716 312 μῆτερ,

150 328 341 381 ἀρχιερέα
373 327 439 369 τὸν
473 327 552 368 υἱὸν
587 328 607 376 ἢ
641 326 818 379 φυγάδα
851 324 955 372 ὄψει.
1004 324 1204 368 Sumtum
1239 341 1260 368 e
1291 327 1381 368 vita
1415 324 1599 369 Caesaris
1625 341 1716 383 cap.

152 397 191 441 ¹7.
224 404 296 446 τῆς
337 398 486 448 μητρὸς
530 397 595 438 ἐπὶ
639 397 716 443 τοὶς
761 397 877 448 θύρας
913 395 1035 437 αὐτὸν
1068 397 1136 437 οὐκ
1171 397 1366 448 ἀδακρυτὶ
1401 397 1715 448 προπεμπούσης

149 467 445 519 ἀσπασάμενος
489 467 616 516 αὐτήν
651 465 721 508 ςΩ,
765 471 918 518 μῆτερ,
962 463 1099 521 εἶπεν,
1144 467 1313 518 τήμερον
1355 467 1376 515 ἢ
1420 468 1614 519 ἀρχιερέα
1649 468 1714 510 τὸν

149 539 229 581 υἱὸν
262 539 283 588 ἢ
317 538 494 592 φυγάδα
537 537 641 590 ἕψει.
704 536 786 579 Sed
828 537 1082 578 Plutarchus
1125 537 1287 578 dictum
1321 535 1508 579 Caesaris
1539 551 1622 579 non
1652 539 1717 578 in-

148 609 327 651 tellexit.
389 609 525 651 Verba
568 606 754 650 Caesaris
798 607 1000 663 leguntur
1044 607 1154 661 apud
1192 605 1443 649 Suetonium
1477 620 1564 662 cap.
1596 606 1716 649 XIII.

152 694 293 734 „quum
324 695 436 720 mane
452 680 506 720 acl
526 679 688 720 Comitia
717 679 962 720 descenderet
984 677 1230 731 praedixisse
1262 677 1381 718 matri
1413 679 1605 719 osculanti
1622 678 1718 733 fer-

148 754 237 791 tur:
269 749 456 791 Domum
490 763 532 791 se
563 750 645 789 nisi
675 747 924 790 Pontificem
957 761 1038 789 non
1069 747 1376 789 reversurum.’'

207 819 478 875 Intelligebat
511 817 661 861 Caesar
692 832 734 860 se
758 820 839 859 nisi
865 817 1112 860 Pontificem
1141 821 1248 859 stare
1276 831 1357 859 non
1384 830 1503 872 posse
1528 817 1718 871 nihilque

146 889 297 931 referre
339 890 390 931 ab
431 889 550 931 hoste
593 890 637 929 in
680 890 766 930 acie
808 902 860 930 an
903 889 948 929 in
988 889 1075 929 foro
1120 888 1196 929 sub
1240 888 1515 929 creditoribus
1556 887 1720 928 caderet

147 961 260 1014 (utor
305 960 445 1003 verbis
490 958 680 1001 Suetonii
725 960 770 1000 in
819 959 968 1000 Othone
1009 972 1094 1013 cap.
1130 957 1208 1014 V),
1247 959 1389 1012 itaque
1432 959 1467 999 si
1508 956 1720 1013 repulsam

146 1029 314 1072 tulisset
359 1044 496 1071 manus
539 1030 614 1070 sibi
657 1030 892 1071 consciscere
934 1028 1196 1081 decreverat,
1238 1027 1365 1082 idque
1408 1027 1604 1081 εὐφήμως
1649 1026 1720 1068 sed

146 1102 249 1142 satis
279 1101 497 1156 perspicue
529 1101 658 1142 matri
690 1100 910 1155 praedixit.

207 1239 310 1297 Pag.
348 1238 448 1282 206.
482 1255 514 1281 c.
558 1240 692 1281 Iulius
739 1243 882 1281 Caesar
920 1238 1034 1289 διέβη
1068 1238 1135 1280 τὸν
1169 1237 1414 1289 Ῥουβίκωνα
1444 1237 1630 1288 ποταμὸν
1664 1262 1718 1268 —-

149 1312 293 1353 εἰπών·
326 1317 439 1352 HAC
471 1311 690 1363 ἀνερρίφθω
725 1310 864 1360 κύβος.
914 1308 1065 1352 Caesar
1093 1309 1277 1351 dixerat:
1308 1309 1550 1361 Ἀνερρίφθω
1578 1307 1716 1359 κύβος,

148 1381 237 1423 alea
270 1381 375 1422 iacta
404 1386 506 1431 esto,
540 1385 589 1422 ut
619 1381 851 1423 Menander
883 1381 993 1436 apud
1023 1380 1176 1422 Athen.
1209 1394 1306 1436 pag.
1345 1378 1429 1421 559
1460 1395 1491 1421 ο.

420 1451 656 1502 δεδογμένον
688 1452 732 1493 τὸ
767 1452 946 1502 πρᾶγμ’,
981 1451 1198 1502 ἀνερρίφθω
1233 1450 1372 1500 κύβος.

207 1520 255 1563 111
286 1521 506 1564 Plutarchi
549 1524 639 1564 vita
669 1522 845 1575 Pompeii
877 1535 964 1577 cap.
1001 1520 1068 1563 60.
1107 1524 1147 1562 et
1186 1520 1371 1562 Caesaris
1403 1534 1493 1575 cap.
1530 1518 1599 1562 32.
1634 1520 1717 1561 exi-

146 1592 323 1634 mendus
356 1596 418 1634 est
449 1592 676 1634 articulus:
711 1592 928 1644 ἀνερρίφθω
967 1592 1016 1646 [ὁ]
1053 1590 1192 1641 κύβος.

206 1662 368 1705 Natum
400 1666 462 1705 est
493 1669 604 1705 ΠΛΟ
637 1677 687 1705 ex
720 1662 1006 1720 dittographia
1035 1663 1194 1703 εΞπΩΝ
1228 1665 1269 1703 et
1303 1661 1458 1703 εἵπΛΟ.

205 1801 310 1858 Pag.
344 1800 431 1844 206
452 1802 498 1857 f.
545 1802 678 1844 Iulius
725 1803 872 1844 Caesar
911 1802 1133 1843 admonitus
1176 1806 1219 1842 ul
1260 1801 1336 1842 siba·
1379 1801 1425 1841 ab
1468 1799 1638 1842 Antonio
1679 1804 1716 1840 et

145 1872 357 1914 Dolabella
385 1878 534 1915 caveret
566 1875 607 1915 οὐ
641 1874 801 1919 τούτους
836 1873 914 1926 ἔφη
948 1872 1115 1915 δεδιέναι
1150 1872 1242 1916 τοὺς
1280 1875 1616 1913 BANATCOTC
1647 1870 1715 1912 καὶ

146 1948 373 1995 λιπῶντας,
409 1944 524 1986 ἀλλα
557 1944 647 1988 τοὺς
682 1944 845 1994 ἰσχνοὺς
880 1943 946 1985 καὶ
982 1943 1132 1995 ὠχροὺς
1161 1941 1355 1990 ἐκείνους,
1387 1939 1522 1989 δείξας
1549 1942 1716 1993 Βροῦτον

146 2013 216 2055 καὶ
250 2013 437 2056 Κάσσιον.
485 2014 580 2056 Non
609 2018 746 2070 potest
779 2015 999 2056 absurdius
1032 2014 1287 2055 adiectivum
1322 2014 1366 2053 in
1398 2025 1446 2054 ea
1475 2025 1519 2052 re
1545 2012 1718 2065 reperiri

149 2099 275 2140 quam
317 2086 562 2134 βαναύσους.
627 2085 832 2127 Narratur
871 2085 985 2126 idem
1017 2085 1152 2125 tribus
1186 2083 1280 2125 aliis
1312 2081 1531 2124 Plutarchi
1560 2080 1663 2122 locis
1695 2095 1719 2123 a

147 2154 470 2211 Wyttenbachio
502 2156 720 2197 indicatis:
754 2158 799 2197 in
839 2154 1009 2198 Caesare
1039 2169 1127 2210 cap.
1154 2153 1222 2195 62.
1256 2155 1300 2194 in
1331 2152 1502 2194 Antonio
1534 2165 1623 2206 cap.
1649 2151 1717 2193 11.

145 2226 190 2267 in
231 2226 361 2267 Bruto
404 2240 492 2282 cap.
528 2226 569 2268 8.
612 2227 687 2268 ubi
726 2226 910 2282 legitur:
955 2226 997 2267 ού
1041 2226 1205 2270 τούτους
1244 2223 1399 2265 δέδοικα
1432 2222 1524 2267 τοὺς
1557 2225 1714 2273 παχεῖς

147 2295 216 2338 καὶ
250 2299 456 2347 κομήτας,
489 2300 530 2339 et
561 2294 651 2338 εἷπε
683 2297 739 2347 μὴ
772 2297 938 2338 δεδιέναι
973 2295 1064 2342 τοὺς
1100 2300 1256 2347 παχεῖς
1292 2293 1455 2341 τούτους
1489 2293 1556 2334 καὶ
1591 2292 1716 2341 κομή-

147 2383 252 2418 τας,
295 2371 336 2410 et
377 2369 447 2409 οὐκ
489 2367 570 2419 ἔφη
615 2367 705 2414 τοὺς
738 2372 894 2420 παχεῖς
927 2366 994 2408 καὶ
1030 2366 1213 2416 κομήτας
1248 2365 1454 2416 ἐνοχλεῖν,
1486 2364 1532 2405 in
1562 2362 1714 2418 quibus

146 2437 256 2479 nihil
287 2442 349 2481 est
379 2438 489 2480 unde
519 2439 753 2490 βαναύσους
787 2437 998 2480 emendari
1031 2437 1174 2492 possit.

210 2576 307 2634 Pag.
344 2576 445 2620 207.
475 2593 506 2619 ο.
546 2593 684 2620 scurra
724 2578 903 2630 Auyuslo
935 2577 1110 2618 libellum
1142 2576 1266 2617 tradit
1298 2579 1340 2616 in
1371 2589 1444 2630 quo
1476 2577 1561 2615 erat
1591 2572 1711 2625 scrip-

147 2652 250 2690 tum:
284 2648 497 2701 φαλακρὸς
533 2648 553 2697 ἢ
587 2649 767 2696 κλέπτης
803 2647 999 2699 Θεόδωρος
1023 2648 1040 2689 o‘
1069 2646 1270 2697 Ταρσεύς.
1298 2646 1339 2687 τί
1364 2661 1423 2687 σοι
1450 2645 1578 2698 δοκεῖ;
1606 2646 1714 2697 isque

143 2719 370 2773 subscripsit
415 2720 532 2761 δοκεῖ.
596 2717 777 2761 Mirifiea
822 2718 923 2760 haec
964 2721 1006 2760 et
1046 2717 1224 2759 absurda
1268 2716 1492 2758 disiunctio
1526 2715 1612 2754 est:
1646 2714 1716 2751 aul

142 2789 274 2830 calvus
305 2794 374 2831 aut
393 2789 517 2845 fur''.
570 2789 691 2839 Erat,
727 2789 868 2837 credo,
901 2793 1130 2843 utrumque
1159 2791 1200 2830 et
1235 2785 1532 2842 corrigendum
1567 2787 1710 2837 φαλα-

145 2859 232 2912 κρὸς
266 2866 360 2902 ΚΑΙ
393 2860 592 2908 κλέπτης.
