1946 3298
955 148 1039 192 146

214 279 510 329 γραμματιςοῦ
552 280 702 328 Φοιτῶν
742 275 891 327 ἔμαθεν
921 273 980 318 ὅτι
1014 276 1070 326 μὴ
1101 275 1342 327 γράμματα
1374 273 1441 317 καὶ
1474 277 1614 317 ταῦτα
1647 276 1779 319 κακῶς

213 347 390 400 γράψαι.
424 348 653 402 Procopius
680 347 862 389 ostendit
887 360 929 388 se
956 345 1279 400 Aristophanem
1305 345 1459 402 legisse
1484 346 1579 401 qu.
1609 358 1669 387 vs.
1695 341 1780 385 188

392 419 492 460 ἄλλ’
526 417 651 468 ὦγάθ’
684 417 769 458 οὐδὲ
800 417 990 465 μουσικὴν
1025 416 1228 464 ἐπίςαμαι

393 490 499 537 πλὴν
533 486 794 538 γραμμάτων
826 486 894 527 καὶ
929 489 1065 527 ταῦτα
1101 485 1235 535 μέντοι
1269 486 1381 527 κακοὶ
1412 489 1559 532 κακῶς.

271 562 418 615 Itaque
442 557 745 614 supplendum:
775 556 844 598 καὶ
873 559 1009 598 ταῦτα
1038 556 1183 613 (κακοὶ)
1209 561 1341 603 κακῶς
1370 559 1412 598 et
1439 555 1589 597 inutile
1615 553 1778 606 γράψαι

210 630 492 674 resecandum.
558 627 763 669 Dicebant
803 628 917 668 enim
958 626 1197 679 γράμματα
1246 627 1487 680 μανθάνειν,
1535 624 1779 675 ἐπίςασθαι,

211 702 360 744 nescire
391 700 570 748 litteras,
604 701 646 739 et
672 710 796 739 nemo
826 698 995 740 seribere
1026 701 1100 739 aut
1130 696 1309 751 γράφειν
1337 696 1495 739 adiicit.

270 841 388 884 Suid.
420 854 459 883 v.
494 839 656 891 Γραφή.

452 910 598 963 γραφή
631 924 677 950 τε
709 907 777 949 καὶ
813 913 1013 955 Λευκαῖος
1048 908 1090 950 οὐ
1124 906 1289 950 ταύτόν.

211 983 378 1040 supple:

453 1051 598 1104 γραφή
630 1067 675 1093 τε
708 1049 777 1092 καὶ
811 1055 1012 1097 Λευκαῖος
1045 1051 1087 1092 οὐ
1122 1049 1273 1092 ταύτὸν
1304 1048 1469 1106 (λέγει).

210 1126 360 1170 incerti
391 1121 552 1166 Comici
582 1120 814 1165 versiculus
846 1124 921 1163 est.

274 1265 391 1308 Suid.
424 1278 465 1306 v.
501 1260 805 1314 Δειραχθές
837 1260 883 1302 τὸ
916 1261 987 1308 τὴν
1020 1260 1145 1312 δειρὴν
1178 1260 1370 1310 άλγῦνον.

575 1332 783 1384 δειραχθές
817 1332 1013 1382 ἐΰβροχον
1046 1329 1172 1381 οἵμμα
1207 1335 1406 1372 πετεινῶν.

271 1407 366 1449 Non
398 1406 526 1446 sensit
559 1402 791 1455 δειρΑΓΧές
825 1416 912 1444 esse
944 1404 1065 1444 unice
1096 1415 1258 1444 verum.
1289 1401 1339 1443 cf.
1370 1415 1410 1443 v.
1451 1399 1784 1453 Δεραγχέας

216 1477 362 1528 πάγας
405 1475 482 1521 τας
517 1475 588 1521 τὴν
620 1474 729 1525 δέρην
762 1473 999 1526 αγχούσας.
1035 1476 1078 1514 et
1109 1487 1165 1515 v:
1189 1471 1530 1524 Δεραιοπέδη
1563 1471 1608 1513 τὸ
1641 1469 1786 1520 ἱξευτι-

213 1550 279 1591 κᾶν
329 1546 450 1588 λίνον·
471 1545 716 1596 -λέγεται
751 1544 790 1585 δὲ
824 1545 892 1586 καὶ
936 1543 1262 1593 λαιμοπέδη.
1327 1543 1525 1599 Nugatur
1557 1541 1707 1584 Suidas
1739 1540 1784 1583 τὸ

212 1617 408 1666 ἱξευτικὸν
447 1616 552 1657 λίνον
590 1616 672 1657 dici
704 1617 912 1670 opinatus.
977 1614 1128 1669 Laquei
1160 1616 1258 1655 sunt
1291 1613 1527 1665 δειραγχεῖς
1561 1616 1602 1654 et
1634 1613 1784 1664 δεραιο-

211 1690 357 1738 πέδαι,
392 1691 433 1730 et
463 1687 561 1728 hinc
594 1685 824 1736 λαιμοπέδη
859 1699 1020 1741 quoque
1053 1683 1310 1740 appellatur,
1345 1687 1395 1725 ut
1427 1682 1693 1734 λαιμοτόμος.

272 1830 387 1873 Suid.
431 1842 472 1870 v.
521 1826 649 1874 Δῆθεν
690 1825 807 1867 affert
850 1839 900 1867 ex
930 1827 1089 1867 incerto
1122 1825 1322 1880 scriptore
1351 1823 1494 1866 locum
1526 1824 1659 1867 hunc:
1695 1826 1712 1867 ὁ
1745 1825 1787 1868 δὲ

211 1906 334 1953 Κῦρος
367 1901 416 1946 ὡς
451 1897 516 1939 ἐπὶ
551 1896 723 1942 Πισίδας
756 1895 867 1944 δῆθεν
904 1896 1112 1948 ἐπορεύετο
1149 1896 1237 1952 [ἐφ’
1270 1892 1335 1942 οὓς
1365 1894 1573 1946 ςρατεύειν
1605 1900 1786 1949 προεφα-

213 1971 377 2026 σίζετο].
426 1969 581 2011 Reseca
613 1967 780 2009 fatuum
814 1967 1164 2009 additamentum.
1214 1967 1309 2010 Non
1340 1968 1479 2022 potuit
1509 1967 1624 2009 idem
1661 1969 1787 2023 scrip-

210 2047 276 2086 tor
305 2045 347 2084 et
378 2040 489 2088 δῆθεν
520 2052 672 2095 ponere
704 2041 746 2080 et
775 2037 852 2080 illa
883 2051 1101 2094 apponere.

269 2182 386 2224 Suid.
430 2195 471 2222 v.
519 2176 767 2230 Δημάρατος
808 2176 1031 2229 Προκλέους
1075 2176 1274 2229 ἀπόγονος
1319 2178 1393 2220 ὑπὸ
1433 2177 1679 2229 Κλεομένους
1711 2183 1781 2222 τοῦ

209 2252 468 2305 ΕὐρυσθέΩΟ
496 2249 697 2300 ἀπογόνου
727 2273 752 2280 -
770 2248 1041 2299 ἐκβέβληται.
1092 2247 1231 2304 Turpe
1257 2249 1460 2291 mendum
1485 2263 1559 2304 pro
1586 2250 1781 2303 Εὐρυσθέ-

208 2330 376 2368 NOTC.
434 2321 604 2364 Veteres
635 2320 838 2362 dixissent
870 2320 887 2362 ὁ
923 2318 1125 2371 Ἀγιάδης
1161 2318 1411 2372 Δημάρατος
1445 2318 1520 2362 ὑπὸ
1553 2323 1623 2362 τοῦ
1656 2321 1783 2374 Εὐρυ-

211 2393 403 2438 πωντίδου
436 2390 699 2441 Κλεομένους.

271 2533 391 2577 Suid.
426 2547 467 2574 V.
502 2530 764 2583 Διάζωμα
797 2531 841 2573 τὸ
876 2531 963 2582 περὶ
995 2531 1050 2573 τα
1083 2531 1216 2573 αἰδοῖα
1248 2529 1491 2581 σκέπασμα.
1524 2532 1655 2574 etiam
1685 2533 1783 2576 hinc

209 2605 478 2662 redarguitur
519 2601 730 2643 emblema
765 2603 811 2643 in
838 2601 929 2644 loco
963 2601 1223 2658 Thucydidis
1255 2601 1288 2644 Ι.
1323 2600 1360 2643 6.
1396 2603 1440 2644 τὸ
1475 2601 1514 2643 δὲ
1546 2602 1681 2644 πάλαι
1713 2603 1781 2645 καὶ

212 2678 250 2719 ἐν
290 2677 344 2727 τῷ
386 2673 629 2723 Ὀλυμπικῷ
672 2672 799 2722 άγῶνι
846 2671 1091 2725 διαζώματα
1135 2671 1298 2724 ἔχοντες
1339 2672 1442 2728 [περὶ
1476 2673 1531 2715 τὰ
1564 2672 1715 2729 αἰδοῖα]
1749 2674 1781 2716 οἱ

212 2744 387 2795 ἀθληταὶ
423 2742 672 2795 ἠγωνίζοντο.

272 2885 391 2929 Suid.
425 2898 463 2928 v.
501 2882 787 2936 Διακεχείρικε
818 2890 981 2938 γενικῇ,
1013 2887 1062 2926 ut
1088 2883 1234 2927 doceat
1259 2882 1516 2937 διαχειρίζειν
1542 2882 1781 2941 genitivum
