1946 3298
929 158 987 202 40

166 314 223 321 —-
250 289 359 331 οὐδὲν
400 287 459 329 ἔτι
502 302 559 328 σοι
598 285 711 327 ’Έδει
744 290 819 328 τῶν
853 286 1104 338 Ζαλμόξιδος
1139 285 1307 336 ἐπῳδῶν.
1372 280 1495 325 Certa
1526 281 1593 324 lex
1627 281 1741 340 cogi-

166 360 284 402 tandi
324 358 470 401 eadem
513 360 555 399 et
594 356 791 411 loquendi
831 357 1017 412 postulat
1059 356 1120 397 δεῖ
1157 368 1231 409 pro
1273 353 1374 407 ἔδει,
1419 353 1494 395 ubi
1529 353 1740 408 praecedit

167 429 349 482 πάρεσιν.

226 558 332 615 Pag.
377 556 475 600 158.
495 572 526 598 e.
569 553 645 609 ὅπῃ
688 556 810 603 αὐτὸς
852 555 920 598 οἴει
953 555 1117 606 βέλτιον
1149 553 1382 605 σκέψασθαι
1414 551 1548 604 ταύτῃ
1582 551 1737 594 σκόπει.

165 628 403 684 Stephanus
443 627 680 679 σκέψεσθαι
722 627 971 681 requirebat.
1035 625 1194 668 Eodem
1227 639 1350 667 sensu
1381 630 1423 666 et
1453 623 1579 680 longe
1612 625 1740 665 usita-

165 702 271 742 tiore
311 699 446 741 forma
486 698 649 750 βέλτιον
695 697 778 754 (ἂν)
823 697 1055 748 σκέψασθαι
1098 695 1365 738 scribendum
1407 708 1494 736 esse
1525 695 1738 736 existimo.

165 771 260 814 Non
287 774 402 812 erant
427 770 583 825 integri
611 766 782 810 Codices
810 769 991 823 antiqui,
1021 767 1130 808 unde
1156 766 1309 816 βελτίω
1339 767 1383 807 in
1411 778 1553 807 omnes
1579 768 1741 807 nostros

165 846 356 885 manavit
387 854 520 883 errore
552 839 792 882 manifesto.

224 973 329 1030 Pag.
374 970 471 1013 159.
491 986 523 1013 ο.
560 969 723 1021 πότερον
756 966 818 1011 οὖν
851 967 1091 1010 κοίλλιΕΤον
1126 969 1164 1009 ἓν
1197 969 1495 1020 γραμματιςοῦ
1529 966 1584 1007 τοὶ
1619 963 1737 1016 ὅμοια

165 1044 403 1097 γράμματα
446 1041 622 1094 γράφειν
666 1041 780 1093 ταχὺ
825 1040 846 1088 ἡ
894 1041 1043 1093 ἡσυχῇ.
1121 1038 1348 1081 Verissime
1396 1040 1629 1079 correctum
1677 1041 1739 1078 est

164 1115 330 1157 κάλλιον
373 1126 446 1170 pro
488 1113 698 1155 καλλιςον.
764 1109 877 1163 Quae
919 1112 1004 1152 sint
1045 1110 1100 1152 τα
1141 1106 1259 1161 ὅμοια
1291 1108 1531 1161 γράμματα
1564 1121 1646 1150 non
1677 1109 1739 1148 in-

161 1185 323 1242 telligo.

222 1325 327 1382 Pag.
365 1324 460 1366 159.
482 1324 520 1366 d.
554 1323 748 1376 φαίνεται
783 1321 860 1375 ἄρα
896 1324 1007 1373 ἡμῖν.
1072 1321 1135 1363 Ex
1166 1322 1273 1364 bono
1304 1320 1413 1362 libro
1445 1321 1602 1375 recepit
1633 1318 1739 1361 Her-

164 1409 343 1438 mannus
384 1397 610 1451 pessimam
651 1395 875 1437 lectionem
918 1393 1117 1446 φαίνεταί
1157 1394 1198 1444 γ’
1246 1392 1325 1444 ἄρα
1374 1392 1480 1442 ἡμῖν.
1546 1389 1656 1443 Quid
1703 1392 1740 1432 si

163 1467 285 1509 Plato
318 1468 527 1522 scripserit
558 1466 754 1519 φαίνεται
787 1462 913 1517 τοῖρα
947 1467 1055 1516 ἡμῖν.
1105 1463 1234 1519 Saepe
1267 1468 1417 1505 TAPA
1452 1461 1519 1519 (ex
1551 1477 1608 1503 τοι
1640 1459 1736 1518 ἄρα)

164 1540 222 1580 sic
255 1537 364 1594 apud
394 1537 718 1593 Aristophanem
750 1539 951 1581 vitiatum
985 1540 1060 1578 est.

221 1667 324 1726 Pag.
374 1667 470 1710 160.
490 1684 526 1709 α.
570 1668 705 1709 οὐκοῦν
750 1667 816 1708 καὶ
851 1666 895 1708 τὸ
930 1663 1099 1717 ξυνιέναι
1134 1663 1188 1705 τα
1222 1663 1503 1714 λεγόμενα-
1526 1661 1732 1714 mmmm

161 1740 252 1784 Imo
285 1753 382 1783 vero
414 1738 676 1789 καλλιςΟΝ,
712 1737 822 1794 quod
854 1752 876 1780 a
907 1736 1057 1779 multis
1089 1735 1432 1778 commendatum
1464 1734 1686 1790 spernitur.

221 1870 324 1927 Pag.
373 1868 528 1912 160.a.
571 1869 650 1919 οὐχ
692 1870 709 1909 ὁ
754 1867 1019 1918 ἡσυχώτατος
1049 1890 1102 1896 -
1133 1864 1294 1907 ἐπαίνου
1338 1865 1447 1906 δοκεῖ
1476 1862 1585 1912 ἄξιος
1618 1860 1735 1906 εἶναι.

163 1941 294 1984 Scrib.
342 1938 650 1991 ἡσυχΙώτ-ατος,
695 1942 743 1979 ut
783 1940 827 1978 in
870 1941 958 1979 toto
990 1937 1068 1977 hoo
1098 1935 1188 1978 loeo
1222 1949 1385 1990 semper
1418 1935 1584 1985 ἡσύχιος
1618 1938 1659 1975 et
1691 1933 1735 1975 τὸ

166 2012 332 2063 ἡσύχιον
375 2015 415 2052 et
458 2010 677 2061 ἡσυχιότὴς
721 2008 978 2064 appellatur,
1024 2011 1072 2048 ut
1108 2020 1201 2063 pag.
1241 2005 1338 2047 160.
1359 2007 1393 2047 b.
1428 2007 1496 2047 οὐκ
1530 2004 1609 2055 ἄρα
1644 2005 1737 2052 ἡσυ-

163 2083 306 2135 χιότὴς
340 2098 398 2127 τις
434 2082 455 2129 ἡ
489 2081 719 2133 σωφροσύνη
753 2080 801 2119 ἂν
836 2079 892 2126 εἴη
927 2078 1005 2119 οὐδ’
1040 2077 1207 2128 ἡσύχιος
1241 2077 1257 2117 ὁ
1291 2077 1457 2128 σώφρων
1483 2077 1586 2126 βίος.
1613 2075 1738 2116 ’Ἡσυ-

163 2168 237 2205 χος
281 2152 414 2194 forma
455 2156 516 2192 est-
559 2152 766 2205 antiquior
807 2151 940 2205 poetis
982 2149 1160 2196 usitata,
1206 2161 1310 2202 quae
1351 2148 1552 2188 remansit
1593 2148 1637 2187 in
1675 2145 1742 2198 ἔχ’

162 2225 329 2277 ἥσυχος.
392 2221 439 2263 In
480 2220 659 2276 pedestri
703 2222 887 2262 oratione
930 2221 1128 2270 ἡσυχαῖος
1176 2219 1346 2272 ponitur
1392 2220 1434 2259 et
1483 2217 1650 2269 ἡσύχιος
1697 2220 1739 2258 et

163 2294 407 2338 adverbium
452 2292 584 2344 ἡσυχῇ
631 2290 727 2347 (non
771 2290 933 2342 ἡσύχως
971 2289 1080 2345 quod
1114 2293 1175 2329 est
1206 2288 1407 2342 sequioris
1441 2289 1606 2341 aetatis)
1643 2288 1738 2335 ἡσυ-

162 2365 353 2419 χαίτερον
379 2367 419 2405 et
443 2363 723 2413 ἡσυχαίτατα.
773 2361 1103 2415 Nonnumquam
1133 2358 1296 2409 ἡσύχιος
1327 2360 1371 2399 in
1397 2359 1581 2400 oratione
1600 2357 1738 2400 soluta

162 2438 207 2478 in
249 2435 397 2485 ἥσυχος
441 2436 682 2487 corruptum
725 2435 807 2480 est,
854 2435 902 2472 ut
947 2431 1056 2486 apud
1098 2429 1288 2485 Thucyd.
1332 2428 1361 2470 Ι.
1397 2428 1495 2470 120.
1531 2428 1736 2484 (Dindorf.

164 2506 215 2548 ad
258 2517 318 2547 ST.
355 2502 443 2560 ΤΗ.)
475 2506 516 2544 et
548 2501 657 2557 apud
690 2501 910 2543 Platonem
941 2503 986 2542 in
1016 2501 1185 2542 Politieo
1221 2498 1319 2541 307.
1339 2516 1368 2540 e.
1404 2500 1437 2540 οἱ
1470 2499 1738 2550 διαφερόντως

162 2575 269 2620 ὄντες
323 2574 475 2624 κόσμιοι
519 2573 585 2613 τὸν
630 2570 777 2623 ἥσυχον
824 2571 887 2613 αεὶ
934 2571 1020 2621 βίον
1065 2569 1213 2620 ἕτοιμοι
1248 2568 1334 2621 ζῆν,
1368 2570 1441 2611 ubi
1472 2571 1516 2610 in
1550 2569 1644 2611 aliis
1677 2572 1739 2610 est

161 2660 261 2689 vera
302 2645 426 2687 lectio
467 2644 533 2685 τὸν
579 2641 771 2694 ἡσύχιον,
806 2646 855 2683 ut
885 2644 929 2683 in
967 2642 1177 2684 Charmide
1212 2640 1309 2682 160.
1333 2655 1364 2681 o.
1399 2640 1484 2681 οὐδὲ
1518 2640 1534 2680 ὁ
1569 2639 1737 2691 ἡσύχιος

162 2717 249 2769 βίος
283 2718 352 2757 τοῦ
384 2715 440 2765 μὴ
476 2713 643 2764 ἡσυχίου
678 2711 963 2765 σωφρονέςερος
997 2712 1045 2753 ἂν
1080 2712 1153 2759 εἴη.

222 2833 454 2877 Eximenda
495 2835 557 2873 est
596 2830 895 2872 molestissima
937 2831 1085 2886 copula
1128 2832 1168 2873 δέ
1211 2845 1308 2889 pag.
1355 2829 1509 2873 161.a.
1573 2831 1737 2884 Ὀμὴρῳ

162 2906 196 2948 δ’
232 2907 274 2948 οὐ
308 2903 484 2949 πιςεύεις
517 2905 651 2948 καλῶς
686 2901 823 2951 λέγειν
855 2901 1016 2952 λέγοντι
