1946 3298
855 141 939 186 297

180 268 380 312 Libanius
409 269 480 312 IV.
515 268 611 311 593.
652 269 692 311 1.
725 268 880 318 ἀνόητοί
907 285 959 319 γε
979 294 1032 299 —-
1052 267 1319 320 ἕκαλλιέρουν.
1367 269 1468 326 Leg.
1496 263 1692 319 οἰνόΝητοὲ

121 355 185 390 γε.
247 339 444 382 Mirabile
487 340 602 381 diotu
639 342 700 381 est
732 353 859 394 quam
891 353 1010 394 saepe
1039 338 1203 380 librarii
1233 338 1418 386 ἀνόνητον
1452 340 1496 380 in
1528 340 1692 389 ἀνόητον

120 408 270 451 stolide
313 411 601 452 converterint.
667 409 768 451 Exit
809 410 965 463 ubique
1001 407 1114 450 male
1145 422 1244 450 sana
1276 409 1504 459 sententia;
1540 410 1610 451 sed
1644 410 1694 452 de

120 481 324 520 sententia
365 479 431 520 illi
471 480 638 534 quidem
686 493 765 521 non
814 492 968 535 magno
1016 491 1137 532 opere
1183 477 1439 519 laborabant.
1523 478 1694 521 Videtur

120 549 305 596 ἀνόνητος
337 550 381 590 in
413 549 731 592 desuetudinem
762 550 934 602 abiisse,
968 548 1039 590 sed
1070 547 1234 596 ανόητος
1265 548 1391 603 probe
1422 552 1636 591 noverant.

178 687 282 744 Pag.
318 687 417 729 601.
452 688 522 730 10.
555 688 644 730 οὔτε
678 688 759 740 γαρ
793 686 935 741 ξίφους
964 685 1076 738 ἔργον
1105 685 1251 737 γένοιτ’
1280 685 1329 727 ἄν
1355 692 1440 737 ΤΙ,
1470 686 1554 744 leg.
1584 693 1692 729 TIC.

119 757 473 812 Frequentissimo
515 760 755 814 sequior-um
796 772 876 800 usu
917 757 1030 809 ἔργον
1069 757 1172 803 τινὸς
1217 756 1402 807 γενέσθαι
1447 761 1509 799 est
1529 758 1692 818 perire,

118 828 292 868 interimi
324 828 374 870 ab
408 828 570 883 aliquo,
603 832 652 870 ut
683 827 795 881 ἔργον
828 827 1014 879 γενέσθαι
1049 827 1252 877 πολεμίας
1283 827 1417 881 χειρός
1451 831 1513 870 est
1555 828 1694 869 eadere

119 898 254 939 hostili
285 913 413 940 mana.

179 1037 284 1095 Pag.
327 1037 426 1080 609.
472 1039 509 1080 5.
556 1038 641 1082 ἐπεὶ
686 1037 718 1079 δ’
761 1038 900 1080 ἐκεῖνοί
939 1055 993 1088 με
1025 1042 1101 1079 τῶν
1135 1037 1305 1080 ἐλπίδων
1339 1037 1615 1090 ἑψεύσανΤΟ.
1653 1042 1695 1081 et

118 1122 216 1165 pag.
263 1108 362 1151 630.
408 1109 475 1151 15.
521 1109 699 1162 ἐφεύσΩ
741 1124 794 1158 με
836 1113 912 1150 τῶν
953 1108 1136 1150 ἐλπίδων.
1201 1106 1350 1151 Certus
1390 1109 1553 1151 dicendi
1592 1123 1693 1152 usus

120 1181 305 1234 postulat
338 1179 515 1232 ἔψευσαν
550 1184 591 1222 et
625 1179 820 1232 ἔψευσας.

179 1319 284 1377 Pag.
330 1318 430 1361 613.
472 1319 544 1362 22.
591 1319 608 1360 ὂ
651 1323 782 1367 κακῶς
832 1319 859 1360 οὶ
872 1329 968 1361 πολ
983 1329 1008 1360 λ
1024 1317 1044 1360 ύ
1058 1335 1090 1369 μ
1103 1335 1120 1360 ε
1134 1336 1151 1361 ν
1164 1335 1180 1360 ο
1194 1335 1211 1366 ς
1259 1318 1527 1371 χαλκοτύπος
1548 1345 1600 1351 -
1621 1320 1692 1370 ἐμὲ

121 1391 332 1432 κατελθεῖν
368 1389 586 1441 ἐβιάσατο.
650 1390 756 1447 Leg.
788 1389 1074 1440 ἀπολούμενος.

179 1530 283 1586 Pag.
315 1529 414 1571 618.
445 1529 512 1571 10.
542 1527 607 1571 ὅτε
635 1530 707 1578 την
736 1530 838 1572 πολὺ
866 1532 934 1571 σοῦ
959 1528 1210 1582 μιαρωτέραν
1244 1528 1486 1580 ἡγούμην
1518 1531 1692 1585 μητέρα.

118 1602 205 1642 imo
236 1614 334 1644 vero
366 1600 538 1651 ἠγόμην.

178 1741 379 1784 Libanius
408 1740 477 1783 IV.
512 1755 606 1797 pag.
643 1740 742 1783 623.
772 1747 854 1788 τοῖς
882 1740 1077 1794 Φρατορσι
1109 1744 1180 1791 την
1206 1742 1426 1792 γαμηλιάν
1454 1741 1692 1793 εἰσάγοντα.

119 1810 284 1854 Sumsit
317 1826 340 1854 a
371 1811 651 1854 Demosthene
684 1825 781 1868 pag.
818 1811 948 1854 1320.
984 1811 1050 1854 13.
1086 1813 1102 1854 ὁ
1136 1813 1269 1864 πατὴρ
1298 1811 1429 1863 ἔγημε
1460 1813 1528 1854 καὶ
1557 1830 1696 1864 γαμη-

118 1882 212 1924 λιάν
254 1889 335 1929 τοῖς
378 1881 597 1934 φράτερσιν
640 1883 896 1933 εἰσήνεγκεν,
937 1887 978 1925 et
1010 1882 1103 1925 aliis
1134 1882 1250 1924 locis.
1313 1882 1526 1935 Εἱσφέρειν
1557 1901 1698 1934 γαμη-

118 1952 213 1994 λίαν
256 1953 448 1994 dicebant
490 1953 785 2008 Athenienses,
818 1967 901 1995 non
932 1953 1127 2004 εἰσάγειν.
1162 1954 1213 1995 cf.
1244 1953 1549 2008 Harpocration
1580 1957 1623 1996 in
1654 1971 1694 1998 v.

117 2023 338 2073 Γαμηλία,
382 2023 457 2065 ubi
500 2023 788 2065 scribendum:
835 2024 1014 2075 Δίδυμος
1058 2025 1095 2065 ἐν
1139 2025 1212 2075 μὲν
1261 2031 1342 2071 τοῖς
1395 2031 1480 2066 ele
1528 2025 1695 2068 ἸσαῖοΝ

120 2094 422 2144 ὑπομνήμασιν.

178 2233 283 2291 Pag.
323 2233 421 2275 624.
456 2232 524 2276 26.
559 2232 676 2284 μόλις
709 2240 802 2281 ταῖς
836 2234 1062 2284 νουμηνίαις
1097 2235 1290 2286 λουομένη
1326 2235 1391 2292 (L.
1425 2237 1617 2294 λουμένη)
1640 2263 1696 2270 -—-

120 2305 427 2348 ἐπικαττύουσα
470 2304 525 2346 τα
568 2304 715 2354 ‹roal-[90⁸4
758 2308 834 2345 τῶν
877 2305 1086 2356 χιτωνίων.
1151 2305 1265 2348 Oorr.
1315 2306 1371 2348 τα
1399 2307 1575 2360 ’σαΘροὶ.
1616 2321 1699 2351 non

120 2376 232 2418 enim
254 2378 488 2430 putrescunt
517 2375 792 2424 vestimenta,
825 2375 896 2417 sed
925 2375 1046 2417 scissa
1078 2390 1124 2418 ao
1157 2377 1287 2418 lacera
1318 2378 1567 2421 sarciuntur.

180 2513 284 2573 Pag.
329 2513 429 2556 625.
475 2513 514 2554 6.
561 2513 694 2561 ἐπειδὴ
735 2513 816 2565 γαρ
863 2514 933 2563 ἤδη
967 2520 1065 2562 παῖς
1099 2514 1142 2563 ἦν
1170 2517 1582 2568 -συνεβουλευόμην
1616 2525 1697 2567 τοῖς

60 2600 64 2604 “
121 2585 355 2635 ἐπιτηδείοις
389 2583 524 2633 ἥντινα
563 2585 671 2636 αὐτῷ
710 2584 859 2636 τέχνην
893 2584 1071 2627 ΔΟτέον.
1136 2586 1257 2628 Nihil
1289 2591 1351 2629 est
1382 2590 1426 2630 in
1462 2589 1540 2631 tali
1568 2604 1612 2632 re
1643 2592 1698 2633 δι·-

122 2655 230 2698 δόναι
262 2656 337 2698 τινὶ
371 2655 534 2707 τέχνην.
585 2652 667 2696 Pro
699 2655 808 2706 αὐτῷ
842 2656 886 2695 in
918 2654 1000 2697 alio
1033 2653 1185 2699 Codice
1213 2660 1275 2699 est
1301 2657 1438 2702 αὐτόν.
1488 2659 1698 2704 Emenda:

124 2727 260 2778 ἥντινα
293 2730 454 2771 αὐτΟΝ
488 2727 637 2777 τέχνην
671 2725 952 2770 ΔΙΔΑΚτέον.

182 2867 384 2912 Libanius
414 2868 486 2911 IV.
519 2881 616 2924 pag.
653 2866 752 2911 627.
789 2866 854 2910 13.
890 2869 1102 2923 λαμπροὺς
1136 2869 1153 2911 0‘
1187 2868 1366 2921 πόλεμος
1399 2869 1492 2929 τοὺς
1521 2869 1696 2923 καρποὺς
