1946 3298
915 166 969 209 15

156 294 350 345 Geelius;
399 326 420 344 „
433 291 615 343 κοιθοέπερ
651 293 774 349 plane
802 291 921 347 ferri
961 291 1105 347 nequit.
1179 291 1319 332 Verum
1360 305 1438 332 non
1470 295 1597 331 certus
1628 305 1732 331 eram

156 366 405 408 correctionis
436 363 619 404 καθόλου.
685 362 760 403 Sed
788 362 868 403 nisi
899 363 990 416 hoc,
1023 362 1151 402 simile
1179 365 1280 402 certe
1301 361 1475 414 postulat
1500 359 1733 401 sententia.''

156 435 362 491 Polybius
398 434 608 488 scripsisse
643 432 809 474 videtur
841 432 1067 476 καθαπΑΞ.
1135 431 1182 472 In
1214 431 1335 472 libris
1369 434 1432 472 est
1462 429 1513 471 V.
1547 429 1618 472 67.
1652 430 1668 470 ὂ
1701 430 1734 470 δ’

156 505 368 556 Ἀντίοχος
395 503 570 554 μεγίςην
599 503 766 544 ἐποιεῖτο
796 502 966 550 σπουδὴν
993 502 1046 548 εἷς
1066 502 1110 543 τὸ
1129 499 1334 542 καθώπΕΡ
1355 525 1409 530 -
1429 503 1733 550 καταπεριεῖναι

158 579 234 618 τῶν
262 575 307 615 ἐκ
333 579 404 622 τῆς
433 571 766 623 Ἀλεξανδρείας
795 573 869 614 ubi
894 572 1093 614 Reiskius
1120 575 1232 613 certa
1261 572 1513 612 correctione
1541 567 1736 617 καθάπαξ

157 646 357 688 restituit.
422 643 485 685 Ad
519 643 696 684 eundem
723 642 863 684 locum
892 641 1290 699 Schweighauserus
1317 641 1423 682 hanc
1451 640 1737 683 confusionem

159 717 259 758 satis
290 714 548 768 frequentem
584 728 670 755 esse
702 714 893 755 ostendit.

219 783 443 827 Concludit
483 783 687 840 Polybius
728 783 870 825 locum
912 784 991 825 hac
1034 784 1263 825 sententia:
1308 778 1382 833 ὅσῳ
1425 781 1465 823 δὲ
1511 779 1647 832 μεῖζον
1681 779 1743 821 δεῖ

160 855 378 897 πολίΤΙ-ΙΝ
422 854 572 896 ἰδιώτου
615 858 771 907 φρονεῖν
813 854 958 907 τοσῷδε
1002 853 1069 895 καὶ
1113 854 1157 894 τὸ
1201 852 1349 904 πρέπον
1391 851 1455 892 ἐπὶ
1497 855 1573 892 τῶν
1608 854 1738 892 κοινῶν

160 927 408 978 (rectissime
448 925 654 967 Luchtius
694 938 768 980 pro
811 924 987 981 πολλῶν)
1033 926 1195 974 μᾶλλον
1241 923 1262 971 ἢ
1297 927 1372 964 τῶν
1407 922 1510 963 ἰδίων
1540 921 1737 971 τηρητέον.

161 996 209 1038 In
240 997 306 1038 his
339 996 490 1037 ἰδιώτου
522 1001 677 1047 φρονεῖν
712 994 858 1038 Geelio
890 996 1089 1044 debetur,
1117 1008 1215 1035 nam
1244 993 1387 1035 Maius
1416 992 1496 1045 ἰδία
1525 995 1741 1045 σωφρονεῖν

162 1068 243 1109 sibi
282 1068 399 1109 visus
440 1070 528 1108 erat
569 1066 723 1108 videre.
788 1066 978 1108 Secunda
1024 1065 1132 1107 Maii
1184 1063 1379 1114 οὲβλεψία
1423 1066 1464 1105 et
1511 1061 1658 1104 Geelio
1702 1066 1742 1103 et

162 1138 334 1179 caeteris
375 1138 592 1191 imposuit.
654 1137 817 1192 Nempe
860 1151 982 1178 sensu
1015 1149 1180 1178 cassum
1213 1138 1276 1176 est
1310 1134 1445 1186 μεῖζον
1482 1133 1544 1174 δεῖ
1572 1133 1742 1180 πολίτην

160 1207 311 1250 ἰδιώτου
353 1211 522 1259 φρονεῖν.
588 1206 702 1258 Quae
746 1207 917 1249 tandem
957 1207 1059 1249 haec
1093 1206 1299 1261 oppositio
1332 1208 1394 1246 est
1424 1206 1535 1245 inter
1567 1203 1738 1251 πολίτην

162 1282 204 1321 et
237 1276 420 1326 ἶδιώτηνῖ
482 1277 629 1319 Nonne
661 1278 694 1318 οἱ
728 1277 880 1319 ἰδιῶται
913 1281 1010 1318 sunt
1033 1277 1188 1331 privati
1220 1272 1362 1317 CIVES?
1426 1274 1536 1326 Quid
1579 1271 1744 1316 multa?

162 1348 374 1391 Emenda:
410 1344 485 1400 ἴσῳ
518 1348 559 1389 δὲ
591 1347 727 1399 μεῖζον
760 1347 823 1389 δεῖ
852 1347 993 1389 πόλΙΝ
1028 1347 1179 1389 ἰδιώτου
1211 1350 1394 1400 φρονεῖν,
1423 1345 1491 1387 vel
1520 1345 1662 1387 πόλΙΝ
1686 1342 1742 1386 *H

165 1418 350 1460 ἲδιώτΗΝ
397 1421 576 1469 φρονεῖν,
626 1418 735 1459 unde
780 1420 919 1475 magis
960 1419 1211 1473 perspicitur
1256 1417 1403 1458 erroris
1437 1418 1565 1472 origo.
1631 1414 1745 1467 Quae

164 1491 307 1530 autem
350 1489 490 1528 tritior
533 1491 595 1529 est
637 1488 746 1542 apud
790 1491 951 1530 veteres
993 1488 1248 1542 comparatio
1291 1489 1332 1528 et
1375 1487 1581 1541 oppositio
1619 1499 1746 1540 quam

166 1558 276 1599 inter
319 1557 436 1599 πόλιν
477 1561 518 1599 et
549 1557 743 1604 ’Ξδιώτηνῖ
805 1558 1109 1614 Exemplorum
1151 1558 1275 1613 plena
1315 1561 1413 1599 sunt
1455 1559 1596 1599 omnia
1631 1571 1747 1611 prae-

165 1629 311 1670 sertim
345 1629 455 1683 apud
489 1628 680 1670 Oratores
708 1633 748 1671 et
776 1629 1019 1679 Platonem,
1048 1628 1185 1671 velut-i
1211 1629 1255 1669 in
1288 1628 1469 1669 Convicio
1486 1642 1582 1684 pag.
1604 1626 1688 1670 178
1706 1640 1746 1668 D.

165 1699 207 1740 οὐ
242 1699 325 1750 γὰρ
358 1697 437 1743 ἔςιν
471 1697 567 1740 ἄνευ
610 1699 760 1740 τούτων
803 1699 922 1741 οὔτε
966 1699 1121 1741 πόλιν
1164 1697 1269 1740 οὔτ’
1316 1698 1527 1747 ἰδιώτην
1570 1699 1747 1748 μεγάλα

165 1768 233 1810 καὶ
269 1768 384 1810 καλοὶ
417 1767 520 1820 ἔργα
553 1768 858 1822 ἐξεργάζεσθαι.

226 1909 515 1952 Perridiculus
548 1924 659 1952 error
689 1910 763 1952 lib.
798 1909 977 1951 XXXII.
1014 1908 1072 1951 20
1090 1924 1128 1949 a.
1162 1922 1258 1965 pag.
1296 1907 1424 1950 1104.
1459 1907 1591 1950 Bekk.
1626 1911 1700 1949 aut
1727 1922 1751 1950 a

169 1981 303 2022 scriba
345 1984 418 2022 aut
459 1994 482 2022 a
521 1980 639 2022 Maio
681 1983 930 2022 commissus
970 1978 1168 2022 Geelium
1211 1979 1346 2035 fugit,
1391 1978 1461 2019 sed
1505 1992 1528 2019 a
1558 1977 1750 2021 Bekkero

168 2052 402 2093 rectissime
445 2055 652 2093 correctus
694 2055 769 2093 est.
843 2051 986 2093 Maius
1033 2049 1184 2092 edidit:
1236 2049 1437 2094 Λυκίσκος
1487 2047 1652 2094 κοὶκιςος
1701 2049 1748 2090 ὣν

169 2126 303 2167 καλῶς
347 2120 576 2173 κοιτέςρεφε
620 2121 685 2162 τὸν
728 2121 837 2172 βίον,
884 2120 959 2166 ὥςε
1005 2120 1095 2167 τοὺς
1135 2119 1326 2166 πλείςους
1362 2118 1521 2166 εἰκότως
1555 2120 1750 2172 ὀνειδίζειν

170 2197 220 2243 τῇ
267 2191 378 2244 τύχη
424 2191 521 2234 διότι
563 2191 608 2233 τὸ
651 2197 727 2234 τῶν
769 2193 932 2243 οὶγοιθῶν
977 2191 1122 2242 ἀνδρῶν
1171 2186 1290 2232 οἶθλον
1336 2191 1406 2238 την
1449 2190 1750 2232 οὲθανασίαν

172 2268 254 2309 τοῖς
296 2262 487 2315 χειρίςοις
531 2264 651 2305 ἐνίοτε
696 2264 951 2314 περιτίθησιν.
1016 2262 1233 2304 Bekkerus
1274 2263 1429 2303 tacitus
1472 2263 1650 2303 correxit
1681 2263 1751 2310 την

176 2334 461 2376 ΕΎθανασίαν.
526 2333 627 2385 Quis
658 2348 740 2376 non
772 2336 917 2376 statim
951 2334 1145 2376 auditum
1179 2330 1397 2387 probabit?
1431 2348 1459 2372 α
1490 2335 1532 2373 et
1564 2348 1605 2373 ευ
1639 2346 1751 2374 com-

174 2405 323 2460 pendio
355 2405 559 2459 scriptum
593 2404 725 2447 oculis
758 2405 936 2447 discerni
967 2419 1049 2446 non
1083 2406 1271 2459 possunt.

233 2542 326 2584 Lib.
368 2541 572 2583 XXXIII.
620 2542 672 2583 16
691 2558 728 2584 οι.
774 2556 870 2599 pag.
918 2542 1044 2584 1120.
1091 2543 1225 2585 Bekk.
1260 2541 1422 2593 πότερον
1455 2541 1472 2582 ὂ
1505 2540 1572 2583 τὸν
1604 2542 1754 2592 τροέγον

173 2613 371 2664 οὶμὲλγων
412 2613 432 2661 ἢ
478 2613 494 2654 ὁ
528 2612 572 2654 τὸ
606 2612 782 2654 κόσκινον
816 2613 995 2665 ὑπέχων.
1058 2613 1227 2655 Excidit
1258 2613 1513 2655 necessarius
1546 2625 1754 2667 compara-

173 2686 288 2726 tivus
319 2684 482 2732 πότερον
516 2683 767 2739 (μωρότερος)
803 2685 819 2726 o‘
852 2685 919 2725 τὸν
952 2683 1103 2736 τροὲγον
1135 2683 1334 2734 ἀμέλγων
1369 2682 1454 2724 κτὲ.

234 2755 283 2796 Ι11
315 2753 394 2796 fine
425 2754 529 2797 loci:
564 2756 595 2796 εἰ
629 2756 685 2803 μή
719 2770 779 2800 τις
813 2754 880 2796 καὶ
913 2754 1092 2806 γράφειν
1126 2755 1291 2796 ἐνύπνια
1324 2753 1522 2804 βούλεται
1557 2752 1624 2794 καὶ
1662 2754 1753 2794 θεω-

176 2830 252 2877 ρεῖν
284 2825 554 2877 ἐγρηγορότως
586 2824 769 2879 ἐνύπνια,
803 2825 1021 2867 Bekkerus
1051 2827 1178 2867 tacite
1207 2823 1502 2877 ε’γρηγορότΟΟ
1534 2823 1755 2864 substituit

177 2897 265 2938 sine
307 2910 452 2947 senSU,
494 2910 594 2938 nam
638 2898 732 2951 quis
776 2896 948 2938 alterius
992 2898 1155 2938 somnia
1194 2896 1337 2939 videre
1377 2897 1515 2950 potest
1556 2897 1630 2936 aut
1665 2894 1752 2936 dor-
