<?xml version="1.0" encoding="UTF-8"?>
<!DOCTYPE html PUBLIC "-//W3C//DTD XHTML 1.0 Transitional//EN"
    "http://www.w3.org/TR/xhtml1/DTD/xhtml1-transitional.dtd">
<html xmlns="http://www.w3.org/1999/xhtml" xml:lang="en" lang="en">
 <head>
  <title>
</title>
<meta http-equiv="Content-Type" content="text/html;charset=utf-8" />
  <meta name='ocr-system' content='tesseract 3.04.00' />
  <meta name='ocr-capabilities' content='ocr_page ocr_carea ocr_par ocr_line ocrx_word'/>
</head>
<body>
  <div class='ocr_page' id='page_1' title='image "./collectaneacriti00cobeuoft_0088.png"; bbox 0 0 1946 3298; ppageno 0'>
   <div class='ocr_carea' id='block_1_1' title="bbox 1015 177 1071 222">
    <p class='ocr_par' dir='ltr' id='par_1_1' title="bbox 1015 177 1071 222">
     <span class='ocr_line' id='line_1_1' title="bbox 1015 177 1071 222; baseline -0.018 0"><span class='ocrx_word' id='word_1_1' title='bbox 1015 177 1071 222; x_wconf 70' lang='lat'>70</span> 
     </span>
    </p>
   </div>
   <div class='ocr_carea' id='block_1_2' title="bbox 263 299 1835 642">
    <p class='ocr_par' dir='ltr' id='par_1_2' title="bbox 263 299 1835 642">
     <span class='ocr_line' id='line_1_2' title="bbox 319 299 1829 362; baseline -0.007 -10"><span class='ocrx_word' id='word_1_2' title='bbox 319 307 439 362; x_wconf 77' lang='lat' dir='ltr'>Quod</span> <span class='ocrx_word' id='word_1_3' title='bbox 485 308 630 350; x_wconf 83' lang='lat' dir='ltr'>scribit</span> <span class='ocrx_word' id='word_1_4' title='bbox 674 306 755 349; x_wconf 85' lang='lat' dir='ltr'>Dio</span> <span class='ocrx_word' id='word_1_5' title='bbox 802 319 899 362; x_wconf 85' lang='lat' dir='ltr'>pag.</span> <span class='ocrx_word' id='word_1_6' title='bbox 945 303 1044 347; x_wconf 78' lang='lat'>512.</span> <span class='ocrx_word' id='word_1_7' title='bbox 1087 301 1217 354; x_wconf 71' lang='grc' dir='ltr'><em>ὥσπερ</em></span> <span class='ocrx_word' id='word_1_8' title='bbox 1261 302 1326 344; x_wconf 76' lang='grc' dir='ltr'>ἐπὶ</span> <span class='ocrx_word' id='word_1_9' title='bbox 1374 299 1595 354; x_wconf 72' lang='grc' dir='ltr'><em>τρυτοένης,</em></span> <span class='ocrx_word' id='word_1_10' title='bbox 1640 299 1719 354; x_wconf 78' lang='grc' dir='ltr'>ἔφη</span> <span class='ocrx_word' id='word_1_11' title='bbox 1769 315 1829 347; x_wconf 86' lang='grc' dir='ltr'>τις</span> 
     </span>
     <span class='ocr_line' id='line_1_3' title="bbox 263 371 1833 430; baseline -0.007 -8"><span class='ocrx_word' id='word_1_12' title='bbox 263 375 375 430; x_wconf 69' lang='grc' dir='ltr'><em>οἶμαι</em></span> <span class='ocrx_word' id='word_1_13' title='bbox 418 383 494 421; x_wconf 80' lang='grc' dir='ltr'><em>τῶν</em></span> <span class='ocrx_word' id='word_1_14' title='bbox 535 377 700 430; x_wconf 72' lang='grc' dir='ltr'><em>ῥητόρων</em></span> <span class='ocrx_word' id='word_1_15' title='bbox 742 377 901 424; x_wconf 73' lang='grc' dir='ltr'><em>αὐτῶν,</em></span> <span class='ocrx_word' id='word_1_16' title='bbox 936 375 1048 416; x_wconf 60' lang='grc' dir='ltr'><em>κατὰ</em></span> <span class='ocrx_word' id='word_1_17' title='bbox 1080 374 1124 414; x_wconf 83' lang='grc' dir='ltr'>τὸ</span> <span class='ocrx_word' id='word_1_18' title='bbox 1159 378 1312 423; x_wconf 69' lang='grc' dir='ltr'><em>λῆμμα</em></span> <span class='ocrx_word' id='word_1_19' title='bbox 1343 372 1405 413; x_wconf 66' lang='grc' dir='ltr'>ἀεὶ</span> <span class='ocrx_word' id='word_1_20' title='bbox 1441 372 1648 424; x_wconf 79' lang='grc' dir='ltr'><em>ῥέποντες,</em></span> <span class='ocrx_word' id='word_1_21' title='bbox 1681 371 1833 412; x_wconf 80' lang='lat' dir='ltr'>sumsit</span> 
     </span>
     <span class='ocr_line' id='line_1_4' title="bbox 264 441 1833 501; baseline -0.008 -8"><span class='ocrx_word' id='word_1_22' title='bbox 264 463 288 492; x_wconf 85' lang='lat' dir='ltr'>a</span> <span class='ocrx_word' id='word_1_23' title='bbox 328 449 610 492; x_wconf 78' lang='lat' dir='ltr'>Demosthene</span> <span class='ocrx_word' id='word_1_24' title='bbox 650 448 697 488; x_wconf 80' lang='lat' dir='ltr'>de</span> <span class='ocrx_word' id='word_1_25' title='bbox 742 447 896 488; x_wconf 78' lang='lat' dir='ltr'>Corona</span> <span class='ocrx_word' id='word_1_26' title='bbox 936 459 1029 501; x_wconf 83' lang='lat' dir='ltr'>pag.</span> <span class='ocrx_word' id='word_1_27' title='bbox 1080 443 1188 493; x_wconf 79' lang='lat'><strong>325,</strong></span> <span class='ocrx_word' id='word_1_28' title='bbox 1236 442 1302 485; x_wconf 85' lang='lat'>13.</span> <span class='ocrx_word' id='word_1_29' title='bbox 1349 442 1435 484; x_wconf 78' lang='grc' dir='ltr'><em>οὐδὲ</em></span> <span class='ocrx_word' id='word_1_30' title='bbox 1468 466 1521 472; x_wconf 90' lang='lat'>—-</span> <span class='ocrx_word' id='word_1_31' title='bbox 1554 441 1694 491; x_wconf 79' lang='grc' dir='ltr'><em>ὁμοίως</em></span> <span class='ocrx_word' id='word_1_32' title='bbox 1740 441 1833 490; x_wconf 81' lang='grc' dir='ltr'><em>ὑμῖν</em></span> 
     </span>
     <span class='ocr_line' id='line_1_5' title="bbox 263 511 1835 572; baseline -0.006 -10"><span class='ocrx_word' id='word_1_33' title='bbox 263 518 393 572; x_wconf 69' lang='grc' dir='ltr'><em>ὥσπερ</em></span> <span class='ocrx_word' id='word_1_34' title='bbox 427 519 476 562; x_wconf 73' lang='grc' dir='ltr'><em>ἂν</em></span> <span class='ocrx_word' id='word_1_35' title='bbox 507 519 681 572; x_wconf 69' lang='grc' dir='ltr'><em>τρυτάνη</em></span> <span class='ocrx_word' id='word_1_36' title='bbox 714 516 838 571; x_wconf 79' lang='grc' dir='ltr'><em>ῥέπων</em></span> <span class='ocrx_word' id='word_1_37' title='bbox 872 516 935 558; x_wconf 75' lang='grc' dir='ltr'>ἐπὶ</span> <span class='ocrx_word' id='word_1_38' title='bbox 971 515 1014 556; x_wconf 78' lang='grc' dir='ltr'>τὸ</span> <span class='ocrx_word' id='word_1_39' title='bbox 1048 517 1200 563; x_wconf 70' lang='grc' dir='ltr'><em>λῆμμα</em></span> <span class='ocrx_word' id='word_1_40' title='bbox 1234 511 1598 564; x_wconf 71' lang='grc' dir='ltr'><em>συμβεβούλευκα.</em></span> <span class='ocrx_word' id='word_1_41' title='bbox 1662 511 1732 554; x_wconf 80' lang='lat' dir='ltr'>Sic</span> <span class='ocrx_word' id='word_1_42' title='bbox 1765 524 1835 567; x_wconf 91' lang='lat' dir='ltr'>op-</span> 
     </span>
     <span class='ocr_line' id='line_1_6' title="bbox 263 582 1777 642; baseline -0.007 -9"><span class='ocrx_word' id='word_1_43' title='bbox 263 592 396 633; x_wconf 87' lang='lat' dir='ltr'>timus</span> <span class='ocrx_word' id='word_1_44' title='bbox 427 591 480 642; x_wconf 77' lang='lat' dir='ltr'>S,</span> <span class='ocrx_word' id='word_1_45' title='bbox 514 591 588 632; x_wconf 82' lang='lat' dir='ltr'>alii</span> <span class='ocrx_word' id='word_1_46' title='bbox 618 587 748 641; x_wconf 69' lang='grc' dir='ltr'><em>ὥσπερ</em></span> <span class='ocrx_word' id='word_1_47' title='bbox 780 589 819 630; x_wconf 84' lang='grc' dir='ltr'><em>ἐν</em></span> <span class='ocrx_word' id='word_1_48' title='bbox 851 586 1034 640; x_wconf 67' lang='grc' dir='ltr'><em>τρυτάνη.</em></span> <span class='ocrx_word' id='word_1_49' title='bbox 1098 583 1245 626; x_wconf 85' lang='lat' dir='ltr'>Dionis</span> <span class='ocrx_word' id='word_1_50' title='bbox 1275 584 1400 626; x_wconf 80' lang='lat' dir='ltr'>lectio</span> <span class='ocrx_word' id='word_1_51' title='bbox 1433 584 1568 638; x_wconf 87' lang='lat' dir='ltr'>potior</span> <span class='ocrx_word' id='word_1_52' title='bbox 1598 582 1777 625; x_wconf 82' lang='lat' dir='ltr'>videtur.</span> 
     </span>
    </p>
   </div>
   <div class='ocr_carea' id='block_1_3' title="bbox 265 722 1838 1210">
    <p class='ocr_par' dir='ltr' id='par_1_3' title="bbox 265 722 1838 1210">
     <span class='ocr_line' id='line_1_7' title="bbox 323 722 1836 781; baseline -0.007 -7"><span class='ocrx_word' id='word_1_53' title='bbox 323 730 558 780; x_wconf 83' lang='lat' dir='ltr'>Hannibal,</span> <span class='ocrx_word' id='word_1_54' title='bbox 602 732 651 770; x_wconf 87' lang='lat' dir='ltr'>ut</span> <span class='ocrx_word' id='word_1_55' title='bbox 691 728 845 769; x_wconf 85' lang='lat' dir='ltr'>dicitur</span> <span class='ocrx_word' id='word_1_56' title='bbox 885 739 982 781; x_wconf 91' lang='lat' dir='ltr'>pag.</span> <span class='ocrx_word' id='word_1_57' title='bbox 1027 723 1134 773; x_wconf 81' lang='grc'>522,</span> <span class='ocrx_word' id='word_1_58' title='bbox 1179 723 1342 765; x_wconf 83' lang='lat' dir='ltr'>civibus</span> <span class='ocrx_word' id='word_1_59' title='bbox 1385 725 1471 765; x_wconf 84' lang='lat' dir='ltr'>suis</span> <span class='ocrx_word' id='word_1_60' title='bbox 1513 722 1640 770; x_wconf 69' lang='grc' dir='ltr'><em>αἴτιος</em></span> <span class='ocrx_word' id='word_1_61' title='bbox 1673 722 1836 773; x_wconf 68' lang='grc' dir='ltr'><em>ἐγένετο</em></span> 
     </span>
     <span class='ocr_line' id='line_1_8' title="bbox 265 793 1835 850; baseline -0.007 -5"><span class='ocrx_word' id='word_1_62' title='bbox 265 801 497 847; x_wconf 73' lang='grc' dir='ltr'><em>οὲναςοέτους</em></span> <span class='ocrx_word' id='word_1_63' title='bbox 540 799 726 850; x_wconf 69' lang='grc' dir='ltr'><em>γενέσθαι</em></span> <span class='ocrx_word' id='word_1_64' title='bbox 770 797 837 838; x_wconf 71' lang='grc' dir='ltr'>καὶ</span> <span class='ocrx_word' id='word_1_65' title='bbox 877 797 948 843; x_wconf 78' lang='grc' dir='ltr'><em>την</em></span> <span class='ocrx_word' id='word_1_66' title='bbox 981 794 1098 836; x_wconf 85' lang='grc' dir='ltr'><em>πόλιν</em></span> <span class='ocrx_word' id='word_1_67' title='bbox 1130 795 1257 841; x_wconf 75' lang='grc' dir='ltr'><em>αὐτην</em></span> <span class='ocrx_word' id='word_1_68' title='bbox 1288 794 1604 844; x_wconf 70' lang='grc' dir='ltr'><em>ΜΕΤΑβκλεῑν</em></span> <span class='ocrx_word' id='word_1_69' title='bbox 1638 793 1712 835; x_wconf 78' lang='grc' dir='ltr'>ὑπὸ</span> <span class='ocrx_word' id='word_1_70' title='bbox 1747 796 1835 834; x_wconf 86' lang='grc' dir='ltr'>Ῥω-</span> 
     </span>
     <span class='ocr_line' id='line_1_9' title="bbox 267 863 1836 923; baseline -0.006 -8"><span class='ocrx_word' id='word_1_71' title='bbox 267 873 412 923; x_wconf 75' lang='grc' dir='ltr'><em>μαίων.</em></span> <span class='ocrx_word' id='word_1_72' title='bbox 475 871 569 913; x_wconf 93' lang='lat' dir='ltr'>Non</span> <span class='ocrx_word' id='word_1_73' title='bbox 611 873 708 911; x_wconf 93' lang='lat' dir='ltr'>sunt</span> <span class='ocrx_word' id='word_1_74' title='bbox 747 868 879 909; x_wconf 79' lang='lat' dir='ltr'>eoacti</span> <span class='ocrx_word' id='word_1_75' title='bbox 919 870 1069 906; x_wconf 69' lang='lat' dir='ltr'>mutare</span> <span class='ocrx_word' id='word_1_76' title='bbox 1110 864 1282 914; x_wconf 88' lang='lat' dir='ltr'>urbem,</span> <span class='ocrx_word' id='word_1_77' title='bbox 1327 864 1399 905; x_wconf 90' lang='lat' dir='ltr'>sed</span> <span class='ocrx_word' id='word_1_78' title='bbox 1438 865 1537 905; x_wconf 85' lang='lat' dir='ltr'>urbs</span> <span class='ocrx_word' id='word_1_79' title='bbox 1579 867 1640 906; x_wconf 90' lang='lat' dir='ltr'>est</span> <span class='ocrx_word' id='word_1_80' title='bbox 1687 863 1836 909; x_wconf 86' lang='lat' dir='ltr'>deleta.</span> 
     </span>
     <span class='ocr_line' id='line_1_10' title="bbox 267 932 1837 990; baseline -0.007 -4"><span class='ocrx_word' id='word_1_81' title='bbox 267 942 544 986; x_wconf 80' lang='lat' dir='ltr'>Scribendum</span> <span class='ocrx_word' id='word_1_82' title='bbox 601 938 907 989; x_wconf 76' lang='grc' dir='ltr'><em>ἈΠΟβοιλεῑν,</em></span> <span class='ocrx_word' id='word_1_83' title='bbox 964 936 1141 977; x_wconf 69' lang='lat' dir='ltr'>amittere</span> <span class='ocrx_word' id='word_1_84' title='bbox 1196 935 1346 976; x_wconf 89' lang='lat' dir='ltr'>urbem</span> <span class='ocrx_word' id='word_1_85' title='bbox 1396 934 1632 990; x_wconf 76' lang='lat' dir='ltr'>diciturque</span> <span class='ocrx_word' id='word_1_86' title='bbox 1679 932 1837 976; x_wconf 81' lang='lat' dir='ltr'>Graeco</span> 
     </span>
     <span class='ocr_line' id='line_1_11' title="bbox 266 1005 1836 1062; baseline -0.006 -6"><span class='ocrx_word' id='word_1_87' title='bbox 266 1027 383 1056; x_wconf 89' lang='lat' dir='ltr'>more</span> <span class='ocrx_word' id='word_1_88' title='bbox 438 1011 672 1062; x_wconf 68' lang='grc' dir='ltr'><em>ἀποβαλεῖν</em></span> <span class='ocrx_word' id='word_1_89' title='bbox 729 1010 801 1058; x_wconf 79' lang='grc' dir='ltr'><em>την</em></span> <span class='ocrx_word' id='word_1_90' title='bbox 859 1007 974 1049; x_wconf 77' lang='grc' dir='ltr'><em>πόλιν</em></span> <span class='ocrx_word' id='word_1_91' title='bbox 1021 1010 1149 1048; x_wconf 82' lang='lat' dir='ltr'>‘Trlo</span> <span class='ocrx_word' id='word_1_92' title='bbox 1199 1005 1429 1055; x_wconf 69' lang='grc' dir='ltr'><em>Ῥωμαίων,</em></span> <span class='ocrx_word' id='word_1_93' title='bbox 1479 1005 1836 1060; x_wconf 81' lang='lat' dir='ltr'>quemadmodum</span> 
     </span>
     <span class='ocr_line' id='line_1_12' title="bbox 267 1073 1838 1126; baseline -0.006 0"><span class='ocrx_word' id='word_1_94' title='bbox 267 1084 479 1126; x_wconf 80' lang='grc' dir='ltr'><em>ἐκπίπτειν</em></span> <span class='ocrx_word' id='word_1_95' title='bbox 522 1081 598 1123; x_wconf 80' lang='grc' dir='ltr'>ὑπό</span> <span class='ocrx_word' id='word_1_96' title='bbox 639 1095 740 1126; x_wconf 88' lang='grc' dir='ltr'><em>τινος</em></span> <span class='ocrx_word' id='word_1_97' title='bbox 782 1083 823 1121; x_wconf 91' lang='lat' dir='ltr'>et</span> <span class='ocrx_word' id='word_1_98' title='bbox 866 1076 944 1119; x_wconf 79' lang='grc' dir='ltr'>ὑπό</span> <span class='ocrx_word' id='word_1_99' title='bbox 982 1092 1084 1122; x_wconf 84' lang='grc' dir='ltr'><em>τινος</em></span> <span class='ocrx_word' id='word_1_100' title='bbox 1117 1075 1323 1126; x_wconf 75' lang='grc' dir='ltr'><em>κοιτιένικι,</em></span> <span class='ocrx_word' id='word_1_101' title='bbox 1358 1076 1572 1118; x_wconf 70' lang='grc' dir='ltr'><em>ἀποθανεῖν</em></span> <span class='ocrx_word' id='word_1_102' title='bbox 1605 1079 1647 1118; x_wconf 90' lang='lat' dir='ltr'>et</span> <span class='ocrx_word' id='word_1_103' title='bbox 1678 1073 1838 1117; x_wconf 77' lang='lat' dir='ltr'>similia</span> 
     </span>
     <span class='ocr_line' id='line_1_13' title="bbox 268 1153 497 1210; baseline -0.009 -14"><span class='ocrx_word' id='word_1_104' title='bbox 268 1153 497 1210; x_wconf 77' lang='lat' dir='ltr'>complura.</span> 
     </span>
    </p>
   </div>
   <div class='ocr_carea' id='block_1_4' title="bbox 267 1286 1840 1841">
    <p class='ocr_par' dir='ltr' id='par_1_4' title="bbox 267 1286 1840 1841">
     <span class='ocr_line' id='line_1_14' title="bbox 326 1286 1838 1346; baseline -0.005 -10"><span class='ocrx_word' id='word_1_105' title='bbox 326 1295 498 1336; x_wconf 77' lang='lat' dir='ltr'><strong>Frustra</strong></span> <span class='ocrx_word' id='word_1_106' title='bbox 538 1291 726 1334; x_wconf 88' lang='lat' dir='ltr'>Dindorf.</span> <span class='ocrx_word' id='word_1_107' title='bbox 766 1303 862 1346; x_wconf 85' lang='lat' dir='ltr'><strong>pag.</strong></span> <span class='ocrx_word' id='word_1_108' title='bbox 909 1287 993 1330; x_wconf 77' lang='lat'>523</span> <span class='ocrx_word' id='word_1_109' title='bbox 1034 1289 1191 1343; x_wconf 83' lang='lat' dir='ltr'>recepit</span> <span class='ocrx_word' id='word_1_110' title='bbox 1234 1302 1285 1330; x_wconf 85' lang='lat' dir='ltr'>ex</span> <span class='ocrx_word' id='word_1_111' title='bbox 1326 1301 1409 1330; x_wconf 89' lang='lat' dir='ltr'>uno</span> <span class='ocrx_word' id='word_1_112' title='bbox 1452 1286 1582 1330; x_wconf 87' lang='lat' dir='ltr'>libro:</span> <span class='ocrx_word' id='word_1_113' title='bbox 1616 1288 1764 1338; x_wconf 79' lang='grc' dir='ltr'><em>Νόμοις</em></span> <span class='ocrx_word' id='word_1_114' title='bbox 1797 1288 1838 1330; x_wconf 78' lang='grc' dir='ltr'>δὲ</span> 
     </span>
     <span class='ocr_line' id='line_1_15' title="bbox 269 1356 1837 1415; baseline -0.005 -8"><span class='ocrx_word' id='word_1_115' title='bbox 269 1365 422 1415; x_wconf 80' lang='grc' dir='ltr'><em>Ῥώμην</em></span> <span class='ocrx_word' id='word_1_116' title='bbox 482 1361 739 1414; x_wconf 72' lang='grc' dir='ltr'><em>παραλαβὼν</em></span> <span class='ocrx_word' id='word_1_117' title='bbox 771 1384 828 1391; x_wconf 90' lang='grc'>-</span> <span class='ocrx_word' id='word_1_118' title='bbox 861 1359 1121 1403; x_wconf 77' lang='grc' dir='ltr'><em>συΝΗλυδοις</em></span> <span class='ocrx_word' id='word_1_119' title='bbox 1170 1359 1236 1400; x_wconf 71' lang='grc' dir='ltr'>καὶ</span> <span class='ocrx_word' id='word_1_120' title='bbox 1287 1357 1473 1409; x_wconf 86' lang='grc' dir='ltr'><em>πονηροὺς</em></span> <span class='ocrx_word' id='word_1_121' title='bbox 1523 1356 1698 1410; x_wconf 69' lang='grc' dir='ltr'><em>ἔχουσαν</em></span> <span class='ocrx_word' id='word_1_122' title='bbox 1745 1359 1837 1405; x_wconf 86' lang='grc' dir='ltr'><em>τοὺς</em></span> 
     </span>
     <span class='ocr_line' id='line_1_16' title="bbox 270 1428 1838 1490; baseline -0.005 -13"><span class='ocrx_word' id='word_1_123' title='bbox 270 1436 532 1479; x_wconf 68' lang='grc' dir='ltr'><em>ἐνοικοῦντας.</em></span> <span class='ocrx_word' id='word_1_124' title='bbox 617 1432 821 1474; x_wconf 76' lang='lat' dir='ltr'>Convenae</span> <span class='ocrx_word' id='word_1_125' title='bbox 867 1428 1429 1490; x_wconf 20' lang='lat' dir='ltr'>appellanturqffv&#39;yumffieq,</span> <span class='ocrx_word' id='word_1_126' title='bbox 1477 1442 1559 1471; x_wconf 91' lang='lat' dir='ltr'>non</span> <span class='ocrx_word' id='word_1_127' title='bbox 1607 1429 1838 1477; x_wconf 75' lang='grc' dir='ltr'><em>συνήλυδες.</em></span> 
     </span>
     <span class='ocr_line' id='line_1_17' title="bbox 267 1498 1837 1557; baseline -0.004 -10"><span class='ocrx_word' id='word_1_128' title='bbox 267 1505 432 1547; x_wconf 85' lang='lat' dir='ltr'>Diserte</span> <span class='ocrx_word' id='word_1_129' title='bbox 463 1503 611 1545; x_wconf 74' lang='lat' dir='ltr'>Strabo</span> <span class='ocrx_word' id='word_1_130' title='bbox 643 1501 714 1544; x_wconf 87' lang='lat' dir='ltr'>IV.</span> <span class='ocrx_word' id='word_1_131' title='bbox 750 1516 790 1557; x_wconf 87' lang='lat' dir='ltr'>p.</span> <span class='ocrx_word' id='word_1_132' title='bbox 829 1500 913 1542; x_wconf 83' lang='lat'>190</span> <span class='ocrx_word' id='word_1_133' title='bbox 931 1517 967 1541; x_wconf 81' lang='lat' dir='ltr'>a.</span> <span class='ocrx_word' id='word_1_134' title='bbox 1002 1498 1215 1542; x_wconf 85' lang='lat' dir='ltr'>Dindorfio</span> <span class='ocrx_word' id='word_1_135' title='bbox 1247 1500 1298 1541; x_wconf 90' lang='lat' dir='ltr'>ad</span> <span class='ocrx_word' id='word_1_136' title='bbox 1332 1498 1593 1554; x_wconf 75' lang='lat' dir='ltr'>Stephanum</span> <span class='ocrx_word' id='word_1_137' title='bbox 1617 1499 1837 1542; x_wconf 83' lang='lat' dir='ltr'>laudatus:</span> 
     </span>
     <span class='ocr_line' id='line_1_18' title="bbox 269 1569 1840 1628; baseline -0.004 -11"><span class='ocrx_word' id='word_1_138' title='bbox 269 1578 342 1623; x_wconf 68' lang='grc' dir='ltr'><em>τὴν</em></span> <span class='ocrx_word' id='word_1_139' title='bbox 373 1579 448 1616; x_wconf 81' lang='grc' dir='ltr'><em>τῶν</em></span> <span class='ocrx_word' id='word_1_140' title='bbox 480 1577 682 1615; x_wconf 80' lang='grc' dir='ltr'><em>κονουενῶν</em></span> <span class='ocrx_word' id='word_1_141' title='bbox 719 1572 1008 1628; x_wconf 73' lang='lat' dir='ltr'>(convenarum)</span> <span class='ocrx_word' id='word_1_142' title='bbox 1041 1569 1135 1622; x_wconf 78' lang='grc' dir='ltr'><em>ὅπερ</em></span> <span class='ocrx_word' id='word_1_143' title='bbox 1163 1571 1220 1614; x_wconf 78' lang='grc' dir='ltr'><em>ε’ςὶ</em></span> <span class='ocrx_word' id='word_1_144' title='bbox 1248 1569 1501 1620; x_wconf 70' lang='grc' dir='ltr'><em>συγκλύδων.</em></span> <span class='ocrx_word' id='word_1_145' title='bbox 1551 1569 1840 1612; x_wconf 81' lang='lat' dir='ltr'>Valckenaerii</span> 
     </span>
     <span class='ocr_line' id='line_1_19' title="bbox 270 1640 1839 1701; baseline -0.004 -13"><span class='ocrx_word' id='word_1_146' title='bbox 270 1647 409 1701; x_wconf 85' lang='lat' dir='ltr'>opinio</span> <span class='ocrx_word' id='word_1_147' title='bbox 443 1644 656 1692; x_wconf 74' lang='grc' dir='ltr'><em>συνηλυδες</em></span> <span class='ocrx_word' id='word_1_148' title='bbox 690 1643 830 1698; x_wconf 76' lang='lat' dir='ltr'>ubique</span> <span class='ocrx_word' id='word_1_149' title='bbox 860 1656 934 1698; x_wconf 83' lang='lat' dir='ltr'>pro</span> <span class='ocrx_word' id='word_1_150' title='bbox 967 1641 1194 1691; x_wconf 70' lang='grc' dir='ltr'><em>σύγκλυδες</em></span> <span class='ocrx_word' id='word_1_151' title='bbox 1227 1642 1370 1695; x_wconf 87' lang='lat' dir='ltr'>reponi</span> <span class='ocrx_word' id='word_1_152' title='bbox 1403 1640 1573 1687; x_wconf 85' lang='lat' dir='ltr'>debere,</span> <span class='ocrx_word' id='word_1_153' title='bbox 1609 1642 1761 1682; x_wconf 84' lang='lat' dir='ltr'>merito</span> <span class='ocrx_word' id='word_1_154' title='bbox 1789 1640 1839 1681; x_wconf 84' lang='lat' dir='ltr'>ab</span> 
     </span>
     <span class='ocr_line' id='line_1_20' title="bbox 269 1710 1839 1767; baseline -0.004 -10"><span class='ocrx_word' id='word_1_155' title='bbox 269 1716 464 1758; x_wconf 88' lang='lat' dir='ltr'>omnibus</span> <span class='ocrx_word' id='word_1_156' title='bbox 495 1716 648 1755; x_wconf 84' lang='lat' dir='ltr'>reiecta</span> <span class='ocrx_word' id='word_1_157' title='bbox 674 1717 748 1755; x_wconf 87' lang='lat' dir='ltr'>est.</span> <span class='ocrx_word' id='word_1_158' title='bbox 796 1712 844 1753; x_wconf 88' lang='lat' dir='ltr'>In</span> <span class='ocrx_word' id='word_1_159' title='bbox 870 1712 989 1754; x_wconf 86' lang='lat' dir='ltr'>libris</span> <span class='ocrx_word' id='word_1_160' title='bbox 1014 1713 1272 1767; x_wconf 75' lang='lat' dir='ltr'>perantiquis</span> <span class='ocrx_word' id='word_1_161' title='bbox 1299 1710 1535 1757; x_wconf 76' lang='grc' dir='ltr'><em>σύΝκλυδες</em></span> <span class='ocrx_word' id='word_1_162' title='bbox 1563 1711 1688 1753; x_wconf 79' lang='lat' dir='ltr'>scribi</span> <span class='ocrx_word' id='word_1_163' title='bbox 1716 1710 1839 1760; x_wconf 85' lang='lat' dir='ltr'>solet,</span> 
     </span>
     <span class='ocr_line' id='line_1_21' title="bbox 271 1781 1839 1841; baseline -0.003 -14"><span class='ocrx_word' id='word_1_164' title='bbox 271 1799 351 1841; x_wconf 92' lang='lat' dir='ltr'>quo</span> <span class='ocrx_word' id='word_1_165' title='bbox 381 1785 545 1827; x_wconf 80' lang='lat' dir='ltr'>facilius</span> <span class='ocrx_word' id='word_1_166' title='bbox 575 1786 619 1825; x_wconf 86' lang='lat' dir='ltr'>in</span> <span class='ocrx_word' id='word_1_167' title='bbox 646 1787 763 1825; x_wconf 84' lang='lat' dir='ltr'>tanta</span> <span class='ocrx_word' id='word_1_168' title='bbox 789 1781 1069 1824; x_wconf 79' lang='lat' dir='ltr'>simflitudine</span> <span class='ocrx_word' id='word_1_169' title='bbox 1095 1782 1334 1823; x_wconf 80' lang='lat' dir='ltr'>litterarum</span> <span class='ocrx_word' id='word_1_170' title='bbox 1363 1798 1383 1829; x_wconf 94' lang='grc' dir='ltr'><em>η</em></span> <span class='ocrx_word' id='word_1_171' title='bbox 1413 1785 1455 1822; x_wconf 92' lang='lat' dir='ltr'>et</span> <span class='ocrx_word' id='word_1_172' title='bbox 1482 1798 1505 1822; x_wconf 88' lang='grc' dir='ltr'><em>κ</em></span> <span class='ocrx_word' id='word_1_173' title='bbox 1534 1783 1661 1823; x_wconf 90' lang='lat' dir='ltr'>errari</span> <span class='ocrx_word' id='word_1_174' title='bbox 1686 1782 1839 1836; x_wconf 88' lang='lat' dir='ltr'>potuit.</span> 
     </span>
    </p>
   </div>
   <div class='ocr_carea' id='block_1_5' title="bbox 332 1920 1840 1978">
    <p class='ocr_par' dir='ltr' id='par_1_5' title="bbox 332 1920 1840 1978">
     <span class='ocr_line' id='line_1_22' title="bbox 332 1920 1840 1978; baseline -0.003 -12"><span class='ocrx_word' id='word_1_175' title='bbox 332 1924 427 1966; x_wconf 89' lang='lat' dir='ltr'>Non</span> <span class='ocrx_word' id='word_1_176' title='bbox 467 1927 529 1965; x_wconf 89' lang='lat' dir='ltr'>est</span> <span class='ocrx_word' id='word_1_177' title='bbox 563 1923 773 1965; x_wconf 80' lang='lat' dir='ltr'>Graecum</span> <span class='ocrx_word' id='word_1_178' title='bbox 804 1921 913 1976; x_wconf 89' lang='lat' dir='ltr'>quod</span> <span class='ocrx_word' id='word_1_179' title='bbox 944 1920 1103 1978; x_wconf 83' lang='lat' dir='ltr'>legitur</span> <span class='ocrx_word' id='word_1_180' title='bbox 1135 1935 1230 1978; x_wconf 89' lang='lat' dir='ltr'>pag.</span> <span class='ocrx_word' id='word_1_181' title='bbox 1267 1920 1368 1963; x_wconf 80' lang='lat'>524.</span> <span class='ocrx_word' id='word_1_182' title='bbox 1405 1927 1581 1968; x_wconf 64' lang='grc' dir='ltr'><em>πολλαῖς</em></span> <span class='ocrx_word' id='word_1_183' title='bbox 1611 1920 1726 1973; x_wconf 70' lang='grc' dir='ltr'><em>ὥραις</em></span> <span class='ocrx_word' id='word_1_184' title='bbox 1759 1921 1840 1962; x_wconf 78' lang='grc' dir='ltr'><em>διε-</em></span> 
     </span>
    </p>
   </div>
   <div class='ocr_carea' id='block_1_6' title="bbox 271 1989 1841 2117">
    <p class='ocr_par' dir='ltr' id='par_1_6' title="bbox 271 1989 1841 2117">
     <span class='ocr_line' id='line_1_23' title="bbox 271 1989 1841 2046; baseline -0.003 -10"><span class='ocrx_word' id='word_1_185' title='bbox 271 1994 435 2046; x_wconf 80' lang='grc' dir='ltr'><em>τρίβετε</em></span> <span class='ocrx_word' id='word_1_186' title='bbox 480 1993 593 2046; x_wconf 74' lang='grc' dir='ltr'><em>ποιροὶ</em></span> <span class='ocrx_word' id='word_1_187' title='bbox 633 2009 706 2035; x_wconf 93' lang='grc' dir='ltr'><em>τινι</em></span> <span class='ocrx_word' id='word_1_188' title='bbox 750 1997 826 2034; x_wconf 84' lang='grc' dir='ltr'><em>τῶν</em></span> <span class='ocrx_word' id='word_1_189' title='bbox 868 1997 1104 2042; x_wconf 77' lang='grc' dir='ltr'><em>πολιτικῶν,</em></span> <span class='ocrx_word' id='word_1_190' title='bbox 1138 1991 1208 2033; x_wconf 88' lang='lat' dir='ltr'>sed</span> <span class='ocrx_word' id='word_1_191' title='bbox 1240 1997 1421 2033; x_wconf 78' lang='grc' dir='ltr'><em>πολλΑΟ</em></span> <span class='ocrx_word' id='word_1_192' title='bbox 1452 1989 1599 2043; x_wconf 68' lang='grc' dir='ltr'><em>ὥρΑΟ,</em></span> <span class='ocrx_word' id='word_1_193' title='bbox 1634 1995 1683 2033; x_wconf 90' lang='lat' dir='ltr'>ut</span> <span class='ocrx_word' id='word_1_194' title='bbox 1716 1991 1841 2033; x_wconf 83' lang='grc' dir='ltr'><em>πολὺν</em></span> 
     </span>
     <span class='ocr_line' id='line_1_24' title="bbox 273 2064 677 2117; baseline -0.005 -11"><span class='ocrx_word' id='word_1_195' title='bbox 273 2064 409 2116; x_wconf 80' lang='grc' dir='ltr'><em>χρόνον</em></span> <span class='ocrx_word' id='word_1_196' title='bbox 442 2064 677 2117; x_wconf 72' lang='grc' dir='ltr'><em>διατρίβειν.</em></span> 
     </span>
    </p>
   </div>
   <div class='ocr_carea' id='block_1_7' title="bbox 275 2200 1847 2737">
    <p class='ocr_par' dir='ltr' id='par_1_7' title="bbox 275 2200 1847 2737">
     <span class='ocr_line' id='line_1_25' title="bbox 335 2200 1845 2259; baseline -0.001 -14"><span class='ocrx_word' id='word_1_197' title='bbox 335 2203 506 2259; x_wconf 83' lang='lat' dir='ltr'>Optima</span> <span class='ocrx_word' id='word_1_198' title='bbox 548 2207 589 2245; x_wconf 91' lang='lat' dir='ltr'>et</span> <span class='ocrx_word' id='word_1_199' title='bbox 631 2206 741 2245; x_wconf 85' lang='lat' dir='ltr'>certa</span> <span class='ocrx_word' id='word_1_200' title='bbox 781 2200 944 2243; x_wconf 83' lang='lat' dir='ltr'>Reiskii</span> <span class='ocrx_word' id='word_1_201' title='bbox 987 2200 1221 2243; x_wconf 80' lang='lat' dir='ltr'>emendatio</span> <span class='ocrx_word' id='word_1_202' title='bbox 1264 2203 1473 2256; x_wconf 82' lang='lat' dir='ltr'>spernitur</span> <span class='ocrx_word' id='word_1_203' title='bbox 1514 2216 1611 2259; x_wconf 88' lang='lat' dir='ltr'>pag.</span> <span class='ocrx_word' id='word_1_204' title='bbox 1655 2200 1754 2245; x_wconf 82' lang='lat'>537.</span> <span class='ocrx_word' id='word_1_205' title='bbox 1799 2203 1845 2243; x_wconf 85' lang='lat' dir='ltr'>in</span> 
     </span>
     <span class='ocr_line' id='line_1_26' title="bbox 275 2270 1842 2324; baseline -0.001 -8"><span class='ocrx_word' id='word_1_206' title='bbox 275 2275 365 2316; x_wconf 80' lang='lat' dir='ltr'>his:</span> <span class='ocrx_word' id='word_1_207' title='bbox 411 2275 442 2315; x_wconf 84' lang='grc' dir='ltr'>οἱ</span> <span class='ocrx_word' id='word_1_208' title='bbox 485 2274 524 2315; x_wconf 82' lang='grc' dir='ltr'>δέ</span> <span class='ocrx_word' id='word_1_209' title='bbox 567 2289 670 2319; x_wconf 85' lang='grc' dir='ltr'><em>τινες</em></span> <span class='ocrx_word' id='word_1_210' title='bbox 704 2273 825 2324; x_wconf 75' lang='grc' dir='ltr'><em>φύσει</em></span> <span class='ocrx_word' id='word_1_211' title='bbox 855 2273 928 2321; x_wconf 79' lang='grc' dir='ltr'><em>μὲν</em></span> <span class='ocrx_word' id='word_1_212' title='bbox 963 2271 1132 2317; x_wconf 79' lang='grc' dir='ltr'><em>εὐειδοῦς</em></span> <span class='ocrx_word' id='word_1_213' title='bbox 1167 2272 1354 2320; x_wconf 62' lang='grc' dir='ltr'><em>σώματος</em></span> <span class='ocrx_word' id='word_1_214' title='bbox 1385 2273 1452 2313; x_wconf 81' lang='grc' dir='ltr'>οὐκ</span> <span class='ocrx_word' id='word_1_215' title='bbox 1487 2271 1655 2323; x_wconf 81' lang='grc' dir='ltr'><em>ἔτυχον,</em></span> <span class='ocrx_word' id='word_1_216' title='bbox 1690 2270 1768 2324; x_wconf 74' lang='grc' dir='ltr'>ὥρκ</span> <span class='ocrx_word' id='word_1_217' title='bbox 1802 2274 1842 2315; x_wconf 80' lang='grc' dir='ltr'>δὲ</span> 
     </span>
     <span class='ocr_line' id='line_1_27' title="bbox 278 2342 1843 2398; baseline -0.001 -12"><span class='ocrx_word' id='word_1_218' title='bbox 278 2347 416 2391; x_wconf 77' lang='grc' dir='ltr'><em>αὐτοῖς</em></span> <span class='ocrx_word' id='word_1_219' title='bbox 461 2344 669 2391; x_wconf 75' lang='grc' dir='ltr'><em>ἐπῆλθε.</em></span> <span class='ocrx_word' id='word_1_220' title='bbox 734 2342 892 2384; x_wconf 86' lang='lat' dir='ltr'>Verum</span> <span class='ocrx_word' id='word_1_221' title='bbox 933 2342 1042 2384; x_wconf 86' lang='lat' dir='ltr'>vidit</span> <span class='ocrx_word' id='word_1_222' title='bbox 1082 2342 1231 2383; x_wconf 86' lang='lat' dir='ltr'>Reiske</span> <span class='ocrx_word' id='word_1_223' title='bbox 1273 2342 1429 2389; x_wconf 69' lang='grc' dir='ltr'><em>ἐπήνθει</em></span> <span class='ocrx_word' id='word_1_224' title='bbox 1472 2357 1696 2397; x_wconf 85' lang='lat' dir='ltr'>reponens,</span> <span class='ocrx_word' id='word_1_225' title='bbox 1733 2343 1843 2398; x_wconf 90' lang='lat' dir='ltr'>quod</span> 
     </span>
     <span class='ocr_line' id='line_1_28' title="bbox 276 2411 1846 2469; baseline -0.001 -13"><span class='ocrx_word' id='word_1_226' title='bbox 276 2416 321 2456; x_wconf 91' lang='lat' dir='ltr'>in</span> <span class='ocrx_word' id='word_1_227' title='bbox 353 2428 399 2456; x_wconf 89' lang='lat' dir='ltr'>ea</span> <span class='ocrx_word' id='word_1_228' title='bbox 430 2428 472 2455; x_wconf 89' lang='lat' dir='ltr'>re</span> <span class='ocrx_word' id='word_1_229' title='bbox 504 2413 688 2455; x_wconf 82' lang='lat' dir='ltr'>solemne</span> <span class='ocrx_word' id='word_1_230' title='bbox 719 2426 765 2454; x_wconf 84' lang='lat' dir='ltr'>ac</span> <span class='ocrx_word' id='word_1_231' title='bbox 795 2413 986 2466; x_wconf 84' lang='lat' dir='ltr'>frequens</span> <span class='ocrx_word' id='word_1_232' title='bbox 1015 2412 1193 2453; x_wconf 76' lang='lat' dir='ltr'>Verbum</span> <span class='ocrx_word' id='word_1_233' title='bbox 1225 2416 1300 2453; x_wconf 85' lang='lat' dir='ltr'>est.</span> <span class='ocrx_word' id='word_1_234' title='bbox 1355 2411 1601 2467; x_wconf 87' lang='lat' dir='ltr'>Emperius:</span> <span class='ocrx_word' id='word_1_235' title='bbox 1638 2413 1846 2469; x_wconf 63' lang='lat' dir='ltr'>„displicet</span> 
     </span>
     <span class='ocr_line' id='line_1_29' title="bbox 276 2480 1846 2539; baseline 0 -14"><span class='ocrx_word' id='word_1_236' title='bbox 276 2483 582 2538; x_wconf 60' lang='lat' dir='ltr'>imperfeetmaf&#39;</span> <span class='ocrx_word' id='word_1_237' title='bbox 644 2483 811 2524; x_wconf 80' lang='lat' dir='ltr'>Excidit</span> <span class='ocrx_word' id='word_1_238' title='bbox 850 2483 1077 2523; x_wconf 83' lang='lat' dir='ltr'>festinanti.</span> <span class='ocrx_word' id='word_1_239' title='bbox 1143 2480 1256 2537; x_wconf 89' lang='lat' dir='ltr'>Opus</span> <span class='ocrx_word' id='word_1_240' title='bbox 1289 2486 1351 2523; x_wconf 92' lang='lat' dir='ltr'>est</span> <span class='ocrx_word' id='word_1_241' title='bbox 1383 2484 1495 2524; x_wconf 87' lang='lat' dir='ltr'>enim</span> <span class='ocrx_word' id='word_1_242' title='bbox 1526 2483 1770 2539; x_wconf 82' lang='lat' dir='ltr'>imperfecto</span> <span class='ocrx_word' id='word_1_243' title='bbox 1801 2485 1846 2525; x_wconf 86' lang='lat' dir='ltr'>in</span> 
     </span>
     <span class='ocr_line' id='line_1_30' title="bbox 278 2551 1847 2608; baseline 0 -13"><span class='ocrx_word' id='word_1_244' title='bbox 278 2568 322 2596; x_wconf 91' lang='lat' dir='ltr'>re</span> <span class='ocrx_word' id='word_1_245' title='bbox 353 2567 435 2595; x_wconf 90' lang='lat' dir='ltr'>non</span> <span class='ocrx_word' id='word_1_246' title='bbox 465 2552 606 2595; x_wconf 81' lang='lat' dir='ltr'>stabili</span> <span class='ocrx_word' id='word_1_247' title='bbox 638 2557 678 2594; x_wconf 87' lang='lat' dir='ltr'>et</span> <span class='ocrx_word' id='word_1_248' title='bbox 709 2554 791 2594; x_wconf 84' lang='lat' dir='ltr'>cito</span> <span class='ocrx_word' id='word_1_249' title='bbox 822 2552 1022 2608; x_wconf 82' lang='lat' dir='ltr'>fugiente.</span> <span class='ocrx_word' id='word_1_250' title='bbox 1086 2551 1240 2601; x_wconf 79' lang='lat' dir='ltr'>Multi,</span> <span class='ocrx_word' id='word_1_251' title='bbox 1274 2554 1435 2607; x_wconf 87' lang='lat' dir='ltr'>inquit,</span> <span class='ocrx_word' id='word_1_252' title='bbox 1467 2553 1637 2595; x_wconf 88' lang='lat' dir='ltr'>fuerunt</span> <span class='ocrx_word' id='word_1_253' title='bbox 1669 2555 1847 2608; x_wconf 83' lang='lat' dir='ltr'>quinon</span> 
     </span>
     <span class='ocr_line' id='line_1_31' title="bbox 279 2622 1847 2675; baseline 0 -10"><span class='ocrx_word' id='word_1_254' title='bbox 279 2628 414 2666; x_wconf 89' lang='lat' dir='ltr'>essent</span> <span class='ocrx_word' id='word_1_255' title='bbox 454 2624 649 2672; x_wconf 84' lang='lat' dir='ltr'>formosi,</span> <span class='ocrx_word' id='word_1_256' title='bbox 692 2622 763 2664; x_wconf 90' lang='lat' dir='ltr'>sed</span> <span class='ocrx_word' id='word_1_257' title='bbox 804 2623 893 2662; x_wconf 68' lang='lat' dir='ltr'>clam</span> <span class='ocrx_word' id='word_1_258' title='bbox 924 2623 1094 2675; x_wconf 73' lang='lat' dir='ltr'>florebat</span> <span class='ocrx_word' id='word_1_259' title='bbox 1133 2627 1238 2663; x_wconf 70' lang='lat' dir='ltr'>aetas</span> <span class='ocrx_word' id='word_1_260' title='bbox 1278 2623 1520 2665; x_wconf 87' lang='lat' dir='ltr'>hominibus</span> <span class='ocrx_word' id='word_1_261' title='bbox 1557 2623 1729 2665; x_wconf 85' lang='lat' dir='ltr'>formosi</span> <span class='ocrx_word' id='word_1_262' title='bbox 1760 2637 1847 2665; x_wconf 88' lang='lat' dir='ltr'>esse</span> 
     </span>
     <span class='ocr_line' id='line_1_32' title="bbox 278 2694 540 2737; baseline -0.004 0"><span class='ocrx_word' id='word_1_263' title='bbox 278 2694 540 2737; x_wconf 84' lang='lat' dir='ltr'>videbantur.</span> 
     </span>
    </p>
   </div>
   <div class='ocr_carea' id='block_1_8' title="bbox 277 2830 1847 2960">
    <p class='ocr_par' dir='ltr' id='par_1_8' title="bbox 277 2830 1847 2960">
     <span class='ocr_line' id='line_1_33' title="bbox 338 2830 1844 2887; baseline 0.002 -14"><span class='ocrx_word' id='word_1_264' title='bbox 338 2831 418 2873; x_wconf 85' lang='lat' dir='ltr'>Dio</span> <span class='ocrx_word' id='word_1_265' title='bbox 461 2831 620 2872; x_wconf 83' lang='lat' dir='ltr'>dixerat</span> <span class='ocrx_word' id='word_1_266' title='bbox 663 2845 758 2887; x_wconf 83' lang='lat' dir='ltr'>pag.</span> <span class='ocrx_word' id='word_1_267' title='bbox 804 2830 904 2873; x_wconf 75' lang='lat'>556.</span> <span class='ocrx_word' id='word_1_268' title='bbox 951 2831 1042 2877; x_wconf 82' lang='grc' dir='ltr'><em>τοὺς</em></span> <span class='ocrx_word' id='word_1_269' title='bbox 1082 2831 1188 2878; x_wconf 82' lang='grc' dir='ltr'><em>θεοὺς</em></span> <span class='ocrx_word' id='word_1_270' title='bbox 1211 2857 1264 2863; x_wconf 88' lang='grc'>-</span> <span class='ocrx_word' id='word_1_271' title='bbox 1289 2831 1467 2881; x_wconf 84' lang='grc' dir='ltr'><em>πέμπειν</em></span> <span class='ocrx_word' id='word_1_272' title='bbox 1500 2830 1628 2884; x_wconf 65' lang='grc' dir='ltr'><em>ὥσπερ</em></span> <span class='ocrx_word' id='word_1_273' title='bbox 1661 2833 1844 2884; x_wconf 71' lang='grc' dir='ltr'><em>οὲρμοςιέις</em></span> 
     </span>
     <span class='ocr_line' id='line_1_34' title="bbox 277 2901 1847 2960; baseline 0.003 -17"><span class='ocrx_word' id='word_1_274' title='bbox 277 2901 371 2955; x_wconf 71' lang='grc' dir='ltr'><em>παρ’</em></span> <span class='ocrx_word' id='word_1_275' title='bbox 413 2902 542 2943; x_wconf 74' lang='grc' dir='ltr'><em>αὑτῶν</em></span> <span class='ocrx_word' id='word_1_276' title='bbox 584 2902 674 2946; x_wconf 80' lang='grc' dir='ltr'><em>τοὺς</em></span> <span class='ocrx_word' id='word_1_277' title='bbox 719 2901 1106 2952; x_wconf 70' lang='grc' dir='ltr'><em>ἐπιμελησομένους,</em></span> <span class='ocrx_word' id='word_1_278' title='bbox 1151 2902 1298 2944; x_wconf 85' lang='lat' dir='ltr'>deinde</span> <span class='ocrx_word' id='word_1_279' title='bbox 1334 2903 1553 2958; x_wconf 81' lang='lat' dir='ltr'>adscripsit</span> <span class='ocrx_word' id='word_1_280' title='bbox 1584 2906 1721 2947; x_wconf 83' lang='lat' dir='ltr'>nescio</span> <span class='ocrx_word' id='word_1_281' title='bbox 1754 2906 1847 2960; x_wconf 88' lang='lat' dir='ltr'>quis</span> 
     </span>
    </p>
   </div>
  </div>
 </body>
</html>
