1946 3298
917 151 1003 197 485

171 279 283 322 male
323 279 483 323 lectum
529 282 612 330 est,
658 279 787 332 ζῶμεν
825 279 939 322 dedit
969 280 1107 322 nescio
1140 280 1233 334 quis
1265 282 1307 321 et
1338 283 1505 335 propter
1535 281 1744 337 pluralem

174 350 242 392 καὶ
276 354 354 393 τῶν
385 353 456 393 σὺν
483 352 593 404 αὐτῷ
630 351 807 393 addidit.

230 489 336 547 Pag.
370 489 455 532 188
483 491 522 531 d.
565 492 609 531 in
647 489 871 532 Phocionis
913 490 1047 531 dicto:
1091 490 1122 530 εἰ
1161 489 1243 540 γάρ
1276 491 1443 542 τήμερον
1475 490 1636 540 τέθνηκε
1668 492 1738 535 καὶ

173 559 304 613 αὔριον
336 558 424 604 &w
457 560 526 602 καὶ
559 561 716 602 εἷο-ΕΤΙ
747 558 954 608 τεθνηκώς.
989 561 1138 615 corrig.
1175 560 1243 600 καὶ
1277 562 1331 607 εἷς
1364 567 1595 603 ΤΡΙΤΗΝ.

231 699 336 756 Pag.
372 699 455 741 189
472 701 523 755 f.
557 700 622 747 Νὴ
655 701 707 741 τὼ
746 700 837 748 σιώ,
880 697 992 750 εἷπε,
1037 698 1285 740 κατέκτανον
1317 704 1387 741 τεῦ
1421 701 1453 741 εἶ
1489 702 1545 750 μὴ
1580 699 1740 753 ὠργιζό-

169 785 267 820 μαν.
321 769 420 825 Leg.
468 775 568 811 NAI
617 770 670 811 τὼ
715 770 781 811 σιὼ
825 769 1073 812 κατέκτανον
1116 769 1165 810 ἂν
1209 769 1272 810 τύ.
1337 769 1556 812 Dorienses
1599 784 1743 812 omnes

169 842 404 881 constanter
434 840 480 880 in
511 839 589 881 tali
620 854 664 881 re
696 841 762 881 ναί
793 854 868 895 pro
901 840 945 888 νή
980 844 1020 881 et
1053 840 1094 880 οὐ
1127 853 1201 894 pro
1233 840 1295 888 μά
1330 841 1544 882 dicebant:
1580 841 1641 882 ναὶ
1675 842 1742 882 τὸν

170 913 276 960 Δία,
310 909 372 950 ναὶ
405 909 482 951 ταν
515 910 665 962 Κόραν,
700 910 763 951 ναὶ
797 910 863 952 τὸν
892 909 1096 964 Διοκλέα,
1125 915 1166 951 et
1193 910 1530 965 frequentissime
1558 911 1741 952 Lacones

171 979 233 1020 ναὶ
267 980 321 1021 τὼ
355 978 424 1021 σιώ
458 982 499 1022 et
531 980 573 1021 οὐ
607 980 660 1021 τὼ
693 980 775 1023 σιώ.

227 1119 333 1177 Pag.
371 1118 456 1161 190
488 1135 525 1161 a.
562 1118 805 1170 Θεόπομπος
840 1121 857 1161 o‘
889 1122 1091 1172 βασιλεὺς
1128 1121 1220 1173 πρὸς
1255 1123 1322 1163 τὸν
1351 1121 1669 1171 ἐπιδεικνύμενον
1699 1122 1744 1162 τὸ

167 1195 306 1241 τεῖχος
348 1190 459 1242 αὐτῷ
501 1189 568 1231 καὶ
615 1191 905 1241 πυνθανόμενον
947 1193 980 1233 εἰ
1025 1193 1134 1233 δοκεῖ
1162 1191 1288 1233 καλὸν
1321 1191 1387 1232 καὶ
1424 1192 1577 1242 ὑψηλὸν
1611 1189 1741 1240 εἷναι;

170 1259 271 1303 Οὐδ’
316 1262 347 1302 εἶ
391 1265 604 1315 γυναικῶν,
649 1258 773 1303 εἶπεν.
837 1261 953 1304 Haec
996 1262 1166 1317 quidem
1209 1262 1337 1318 verba
1367 1261 1476 1302 nihil
1506 1261 1745 1318 significant

169 1336 210 1373 et
251 1333 456 1374 sententia
499 1332 602 1373 dicti
645 1346 695 1374 ex
740 1332 952 1374 similibus
990 1332 1115 1382 locis,
1160 1346 1261 1386 quos
1291 1331 1644 1387 Wyttenbachius
1676 1333 1745 1374 ad-

168 1403 356 1457 scripsit,
391 1405 454 1444 est
486 1401 703 1444 elicienda.
752 1401 1128 1457 simplicissimum
1164 1406 1224 1443 est
1257 1402 1502 1443 rescribere:
1533 1428 1586 1432 —
1616 1400 1739 1449 εἶναι;

168 1478 322 1514 KAAH
356 1478 696 1522 γυναικωνΙΤΙΟ,
731 1469 852 1514 εἶπεν.
883 1487 932 1514 ex
959 1487 1053 1528 pag.
1085 1472 1172 1514 230
1190 1487 1223 1513 c.
1258 1473 1480 1518 Πανθοίδας
1509 1472 1743 1523 πρεσβεύων

168 1544 224 1589 εἷς
257 1543 328 1590 τὴν
361 1544 504 1584 Ἀσίαν
539 1542 837 1584 ἐπιδεικνύντων
871 1544 981 1595 αὐτῷ
1016 1548 1155 1595 τεῖχος
1191 1543 1369 1594 ἰσχυρόν,
1400 1540 1513 1584 εἷπε·
1558 1543 1623 1590 Νὴ
1652 1543 1743 1589 τοὺς

168 1613 303 1663 θεούς,
338 1611 364 1654 ὦ
396 1612 522 1664 ξένοι,
560 1613 666 1661 καλὴ
700 1619 993 1663 γυναικωνῖτις.

229 1754 335 1811 Pag.
383 1753 468 1796 190
495 1768 527 1796 c.
571 1754 772 1795 Brasidae
815 1758 936 1795 mater
977 1754 1105 1795 dixit.-
1149 1753 1349 1806 Βρασίδας
1393 1753 1465 1803 μὲν
1503 1752 1606 1794 ‘’'HN
1646 1755 1742 1805 ἀνὴρ

168 1826 349 1875 ἀγαθός,
395 1826 422 1867 ἀ
464 1825 505 1866 δὲ
550 1825 825 1873 Λακεδαίμων
860 1825 1019 1870 πολλὼς
1053 1824 1141 1876 ἔχει
1175 1825 1275 1872 τήνω
1305 1822 1510 1876 κάρρονας.
1574 1823 1743 1879 Repone

168 1897 349 1938 formam
378 1896 575 1938 Doricam
597 1892 691 1937 '‘Hc
725 1894 803 1952 (ἧς)
841 1897 937 1947 ἀνὴρ
971 1895 1142 1946 ἀγαθός.

227 2035 330 2093 Pag.
368 2034 452 2078 190
481 2037 520 2077 d.
565 2036 627 2083 τίς
670 2035 804 2088 ἄριςος
849 2039 1146 2086 Σπαρτιατῶνς
1192 2035 1210 2075 ὁ
1242 2039 1400 2075 ΤΎΝΗ
1434 2033 1738 2083 ἀνομοιότατος.

168 2106 364 2149 Dixerat:
400 2107 416 2148 ὅ
445 2112 545 2148 ΤΙΝ
580 2107 891 2160 ἀνομοιότατος,
925 2109 974 2147 ut
1006 2109 1116 2147 recte
1150 2105 1347 2146 scribitur
1378 2105 1422 2144 in
1453 2105 1544 2146 vita
1570 2104 1742 2158 Lycur-92⁶

170 2190 255 2233 cap.
292 2176 363 2219 20.
411 2176 644 2218 Notissima
687 2180 748 2218 est
792 2177 926 2218 forma
966 2176 1100 2217 dativi
1137 2175 1280 2216 Dorici
1314 2173 1427 2223 ἐμίν,
1463 2173 1547 2226 τίν,
1582 2172 1635 2223 ἵν,
1673 2175 1744 2215 sed

169 2247 373 2290 facillime
413 2247 515 2288 haec
556 2246 740 2288 librariis
782 2247 973 2288 inaudita
1004 2247 1160 2288 vitium
1194 2246 1455 2299 concipiunt,
1489 2248 1538 2285 ut
1568 2245 1612 2284 in
1643 2244 1744 2285 Pin-

171 2318 326 2360 darico:
375 2316 489 2366 ξύνες
531 2316 548 2358 ὃ
593 2322 695 2358 ΤΙΝ
739 2316 846 2367 λέγω
890 2316 990 2357 libri
1034 2318 1106 2357 aut
1143 2330 1182 2355 τι
1226 2318 1298 2356 aut
1330 2329 1387 2355 τοι
1422 2315 1631 2356 exhibent.
1694 2314 1744 2356 In

169 2388 392 2431 Philoxeni
426 2388 584 2440 Δείπνῳ
618 2387 728 2442 apud
760 2387 1025 2428 Athenaeum
1057 2399 1154 2441 pag.
1190 2383 1273 2428 147
1293 2399 1324 2425 c.

261 2460 453 2511 ὀμφαλὸς
488 2458 613 2503 θοίνας
647 2463 839 2499 καλεῖται
873 2455 954 2506 πάρ
988 2457 1030 2506 γ’
1065 2455 1154 2504 ε’μὶν
1187 2455 1255 2495 καὶ
1290 2455 1351 2496 τὶν
1385 2454 1488 2507 (τάφ’
1520 2452 1627 2497 οἶδα.

170 2530 246 2572 ubi
279 2534 339 2572 est
370 2531 414 2571 in
446 2529 672 2584 archetypo
704 2527 920 2569 Marciano
955 2525 1194 2577 παράγεμιν
1221 2525 1372 2575 κάπιν,
1407 2530 1448 2568 et
1475 2529 1741 2581 postpauca:

171 2601 261 2650 ε’μίν
293 2615 339 2640 τε
371 2598 487 2649 μέλοι
521 2599 587 2639 καὶ
624 2599 700 2640 τίν.
746 2598 795 2639 In
828 2598 1039 2653 Archytae
1071 2596 1247 2651 epistola
1287 2597 1337 2637 ad
1377 2596 1598 2638 Platonem
1636 2597 1746 2651 apud

170 2670 402 2727 Diogenem
434 2669 571 2711 Laert.
604 2668 694 2710 VII.
727 2667 796 2711 70.
825 2671 936 2708 recte
963 2667 1187 2708 emendant
1215 2666 1282 2707 καὶ
1310 2672 1412 2707 ΤΙΝ
1441 2665 1745 2714 ἀπεςάλκαμες

171 2744 245 2796 pr'o
278 2741 349 2783 καί
380 2747 491 2782 τινΑ.
556 2738 650 2782 Non
683 2751 831 2794 sequar
863 2738 977 2779 enim
1010 2737 1265 2778 Ahrensium
1299 2737 1349 2778 de
1377 2736 1431 2778 D.
1451 2735 1501 2778 D.
1526 2735 1742 2793 pag.252.

232 2879 337 2935 Pag.
371 2878 458 2923 200
487 2894 517 2921 c.
565 2877 922 2930 ἈπηγγέλλεΤΟ
956 2877 1025 2920 καὶ
1062 2875 1184 2923 αὐτὸς
1218 2876 1257 2917 ἐν
1289 2877 1420 2929 ἀγορᾷ
1456 2876 1624 2929 περιιών.
1672 2875 1749 2920 Le-
