1946 3298
963 161 1049 205 216

282 286 611 347 Eulip.:fi·agm.
646 286 747 331 234.
780 301 878 345 pag.
915 286 1020 331 341.

556 359 595 400 ἐν
625 364 708 406 τοῖς
738 359 887 406 τέκνοις
921 359 1003 411 γὰρ
1037 358 1158 412 οὶρετὴ
1192 363 1270 401 τῶν
1302 360 1473 410 εὐγενῶν

555 429 738 482 ἔλαμψε.

223 514 298 556 pro
331 499 498 552 ἔλαμψε
531 503 575 542 in
603 501 724 543 libris
757 504 819 543 est
851 495 890 542 ἓν
923 498 1054 550 ἔλαβε
1083 500 1153 544 vel
1179 500 1336 552 ἔλαβε,
1366 501 1476 544 unde
1501 501 1799 544 Valckenarius

224 571 436 623 ε’νέλαμψε
483 574 677 614 correxit.
737 571 900 613 Nauck.
948 572 1148 625 „praetuli
1179 570 1388 624 ἔλαμψε.”
1449 572 1543 614 Non
1575 575 1798 615 assentior:

222 655 298 684 sua
329 644 442 684 enim
475 644 677 698 cuiusque
707 643 844 684 virtus
876 643 920 683 in
952 644 1042 684 vita
1066 643 1242 696 splendet
1267 643 1448 694 λάμπει,
1478 643 1549 685 sed
1576 647 1799 699 parentum

221 713 356 754 virtus
397 714 442 754 in
481 712 625 754 liberis
663 713 834 767 pellucet
867 712 1109 762 διαλάμπει.
1176 712 1458 764 Quamobrem
1491 714 1698 764 διέλαμψε
1730 727 1799 756 ve-

220 796 317 824 rum
358 797 444 825 esse
487 784 677 825 arbitror.
741 783 901 826 Eodem
941 798 1065 826 sensu
1107 785 1335 835 διαςίλβειν
1370 785 1577 827 dicebant.
1641 786 1799 827 Aristo-

220 853 377 908 phanes
411 854 522 910 apud
552 853 773 896 Pollucem

700 924 769 967 καὶ
804 924 1052 976 διαςι’λβονθ’
1084 926 1254 978 ὁρῶμεν,

698 994 828 1048 ὥσπερ
860 997 898 1038 ἐν
931 998 1051 1050 καινῷ
1082 997 1326 1050 λυχνούχῳ,

703 1067 845 1110 πάντα
878 1072 949 1116 τῆς
984 1067 1188 1119 ἐξωμίδος.

280 1208 423 1266 Eurip.
456 1209 609 1267 fragm.
645 1208 744 1252 240.
775 1222 874 1266 pag.
908 1207 1006 1251 342.

579 1281 647 1322 οὐκ
681 1278 761 1324 ἔςιν
793 1278 874 1327 ὅςις
907 1279 1026 1328 ἡδέως
1058 1278 1184 1331 ζητῶν
1217 1279 1333 1330 βιοῦν

579 1351 768 1393 εὔκλειαν
804 1350 1063 1399 εἷσεκτήσατ’
1094 1351 1208 1392 οὶλλα
1242 1352 1322 1402 χρὴ
1356 1355 1502 1392 πονεῖν.

219 1424 464 1479 turpissima
494 1421 662 1465 macula
694 1421 853 1477 duplici
883 1421 1100 1476 Euripidis
1131 1420 1247 1463 locus
1278 1422 1522 1476 inquinatus
1553 1424 1628 1462 est.
1679 1419 1797 1462 Ridi-

220 1493 365 1536 culum
412 1498 452 1537 et
496 1493 725 1536 absurdum
768 1496 830 1534 est
874 1493 1113 1533 εἷσκτᾶσθαι
1156 1486 1229 1547 pro
1265 1493 1468 1541 κτᾶσθαι,
1504 1501 1545 1534 et
1577 1492 1691 1542 βιοῦν
1722 1504 1796 1547 pro

221 1564 290 1616 ζῆν
323 1565 417 1607 faex
451 1563 756 1607 Graeculorum
789 1564 926 1617 coepit
959 1562 1110 1604 dicere.
1157 1562 1234 1604 Est
1266 1568 1388 1606 vetus
1414 1562 1564 1605 lacuna
1588 1564 1633 1604 in
1660 1562 1799 1605 verbis

221 1641 330 1678 OCT
336 1635 531 1677 10³³*ssss
561 1635 953 1676 *sssseKTHCAR
1016 1633 1120 1675 Pars
1159 1633 1332 1676 lacunae
1373 1633 1490 1676 nullo
1530 1634 1701 1690 negotio
1738 1633 1798 1674 sic

218 1708 416 1750 sarcitur:

524 1775 739 1834 (εὐδοξίαν)
775 1775 970 1825 ἐκτήσατ’
1003 1774 1120 1816 οέλλοὶ
1153 1776 1233 1827 χρὴ
1267 1781 1413 1817 πονεῖν.

278 1848 459 1905 Reliqua
489 1862 584 1904 pars
616 1847 699 1890 loci
729 1847 923 1889 idoneam
955 1847 1206 1888 sententiam
1241 1846 1471 1888 continebit
1503 1847 1561 1887 sic
1588 1845 1765 1900 scripta:

518 1921 587 1961 οὐκ
622 1918 701 1963 ἕςιν
734 1915 815 1965 ἕςις
850 1916 1019 1973 ἤ(συχον
1051 1916 1179 1969 ζηλῶν
1212 1916 1318 1969 βίον)

518 1990 699 2041 εὐδοξίαν
732 1988 942 2037 ἐκτήσατ’.

278 2062 474 2112 Εὐδοξίαν
516 2076 540 2104 a
584 2061 703 2103 libris
747 2059 938 2102 oblatum
979 2059 1268 2115 recipiendum
1310 2062 1372 2101 est
1412 2060 1457 2101 in
1499 2059 1652 2115 fragm.
1692 2055 1796 2099 239.

218 2135 294 2178 ubi
324 2133 488 2178 Nauck.
522 2132 675 2175 edidit:

519 2203 643 2249 οὐδεὶς
676 2202 757 2253 γαρ
791 2201 840 2243 ὢν
873 2201 1047 2255 ῥᾴθυμος
1080 2201 1251 2249 εὐκλεὴς
1283 2201 1403 2253 οένήρ,

518 2274 617 2317 ἀλλ’
651 2274 685 2315 οἱ
718 2272 826 2314 πόνοι
860 2272 1039 2314 τίκτουσι
1071 2273 1142 2320 τὴν
1177 2272 1395 2323 εὐανδρίαν.

218 2347 290 2390 sed
323 2359 580 2402 quamquam
613 2344 759 2386 eadem
791 2342 916 2385 lectio
949 2343 1242 2385 circumfertur
1272 2344 1316 2384 in
1348 2342 1502 2398 fragm.
1540 2340 1669 2383 1039.
1708 2354 1797 2382 sen-

217 2419 351 2460 tentia
391 2416 545 2459 clamat
582 2416 697 2456 decus
729 2417 771 2456 et
797 2413 988 2466 storiam,
1020 2414 1092 2462 τὴν
1125 2411 1324 2468 εὐδοξίαν,
1357 2414 1479 2455 unice
1510 2425 1661 2456 verum
1694 2424 1794 2453 esse.

276 2558 422 2614 Eurip.
456 2556 628 2614 Fragm.
665 2555 766 2599 284.
799 2570 895 2613 pag.
931 2555 1029 2597 350.
1064 2570 1126 2599 vs,
1162 2555 1233 2598 22.

486 2627 610 2674 οὐδεὶς
644 2626 796 2678 σιδήρου
829 2629 967 2668 ταῦτα
1000 2626 1188 2677 μωραίνει
1223 2625 1356 2673 πέλας

486 2698 579 2745 ςας,
613 2696 759 2749 ἄνδρας
794 2695 857 2739 οὖν
889 2697 1011 2750 ε’χρῆν
1045 2696 1194 2750 σοφούς
1228 2713 1274 2738 τε
1307 2695 1515 2747 κάγαθοὺς

485 2768 659 2821 φύλλοις
693 2766 906 2819 ςέφεσθαι.

274 2839 529 2884 Plutarchus
571 2838 733 2880 duobus
772 2837 874 2879 locis
917 2840 958 2879 et
999 2835 1186 2880 Galenus
1228 2839 1432 2880 omittunt
1475 2834 1577 2891 ςας,
1611 2848 1691 2890 quo
1724 2849 1792 2878 ex-

212 2915 368 2975 puncto
401 2914 442 2954 et
472 2912 638 2966 recepta
668 2908 847 2951 Dobraei
877 2908 1187 2951 emendatione:
