1946 3298
947 136 1035 178 204

200 261 337 304 Nemo
354 262 504 306 hercle.
540 262 688 318 Itaque
705 261 925 304 Nauckius
943 260 1093 303 edidit:
1113 259 1461 313 Ἀλφεο-Είβοιοον.
1479 260 1618 303 multo
1629 258 1781 302 malim

473 334 581 389 (τὴν)
617 331 922 385 Ἀλφεο-ίβοιοον
954 330 998 379 ἣν
1030 331 1046 371 ὁ
1079 331 1282 381 «γεννήσας
1315 332 1464 384 πατήρ.

258 444 482 500 Sophocles
514 444 667 500 fragm.
702 441 802 485 796.

563 513 754 563 ἐδοξάτην
788 529 854 563 μοι
888 514 941 555 τὼ
973 513 1032 555 δύ’
1068 513 1211 565 ἦπείρω
1244 519 1399 563 μολεῖν.

260 584 422 628 Comici
464 587 610 640 poetae
653 584 766 625 hunc
807 597 978 627 versum
1010 598 1097 625 esse
1129 585 1366 640 suspicatur
1395 583 1560 626 Nauck.
1592 583 1663 625 sed
1694 597 1781 625 me-

199 656 304 698 liora
336 656 456 698 docet
487 655 622 696 forma
653 660 806 703 μολεῖν.

259 726 420 769 Eodem
461 712 615 766 indicio
658 725 855 780 arguitur
896 738 1008 767 error
1052 725 1259 774 Nauckfi,
1308 727 1381 780 qui
1427 726 1471 766 in
1517 724 1781 766 Praefatione

201 811 297 854 pag.
331 795 405 838 XI.
441 797 676 838 senarium:

475 866 555 917 ἐγὼ
588 864 656 919 δέ,
688 870 804 915 μισεῖ
831 865 913 918 γάρ
947 865 1006 916 μ’,
1041 864 1189 917 ἄπειμ’
1224 865 1268 915 ἐξ
1298 865 1510 917 ὀμμάτων.

202 939 352 980 comici
383 940 506 994 poeta
539 950 626 978 esse
658 940 805 991 putat,
840 936 911 978 sed
944 936 988 987 ἐξ
1019 938 1217 988 ὀμμάτων
1243 942 1407 993 praeter
1433 936 1632 994 Tragicos
1657 951 1780 979 nemo

201 1008 378 1051 dicebat.

259 1127 485 1184 Sophocles
516 1128 668 1185 fragm.
703 1126 804 1170 818.
837 1127 1000 1170 Nauck.
1035 1127 1189 1169 edidit:

532 1200 752 1241 Ἐνετοῑο-ιν
784 1196 921 1245 ἵπποις
955 1204 1078 1240 τοῖο-ιν
1114 1198 1425 1250 ἑκλελεγμένοις

531 1268 635 1318 ἥδιον
668 1270 701 1311 εἱ
734 1274 934 1321 χωροῒμεν
967 1268 988 1317 ἢ
1024 1268 1147 1310 παντὶ
1181 1270 1318 1311 σθένει.

259 1340 308 1384 In
342 1339 493 1384 Codice
523 1339 682 1383 Veneto
714 1347 757 1381 B.
793 1339 845 1381 ad
874 1338 994 1381 Iliad.
1029 1346 1080 1381 Σ.
1117 1337 1217 1381 274.
1253 1343 1315 1381 est
1347 1340 1384 1381 ἐν
1416 1344 1541 1382 τοῖο-ιν
1573 1337 1709 1386 ἵπποις
1735 1343 1778 1381 et

196 1413 306 1455 ἴδιον.
369 1414 586 1454 Ἐνετοῑο-ιν
634 1413 697 1453 est
741 1409 927 1452 Heckeri
972 1411 1210 1452 coniectura
1253 1410 1412 1452 doctior
1454 1424 1582 1465 quam
1623 1411 1774 1452 verior.

195 1484 316 1527 Idem
357 1488 469 1526 recte
513 1481 614 1531 ἥδιον
657 1482 848 1523 correxit.
911 1480 1034 1522 Nihil
1065 1480 1182 1523 aliud
1212 1481 1257 1522 in
1292 1486 1565 1522 ΕΝΤΟΙΕΙΝ
1598 1481 1777 1523 arbitror

196 1555 328 1598 latere
361 1568 489 1610 quam
523 1557 840 1602 OA1r01C1N‚
874 1552 1147 1607 quamobrem
1176 1553 1237 1593 ita
1267 1551 1464 1608 legerim:

527 1625 719 1674 ὀλίγοισιν
753 1622 888 1670 ἵπποις
923 1628 1045 1665 τοῖο-ιν
1081 1622 1390 1673 ἐκλελεγμένοις

531 1694 633 1745 ἥδιον
660 1692 761 1737 '‘AN
793 1699 993 1747 χωροῖμεν
1027 1693 1047 1742 ἢ
1083 1693 1206 1736 παντὶ
1239 1692 1377 1735 σθένει.

255 1836 480 1893 Sophocles
511 1836 664 1893 fragm.
696 1834 797 1876 821.

555 1907 626 1955 ἤδη
661 1906 745 1959 γὰρ
777 1903 870 1958 ἕδρα
910 1905 1010 1953 Ζεὺς
1046 1906 1084 1947 ἐν
1116 1904 1282 1958 ἐσχάτῳ
1317 1906 1422 1948 θεῶν.

193 1993 291 2024 cum
336 1977 554 2022 Dindorfio
601 1978 730 2033 probo
779 1978 1063 2019 coniecturam
1109 1977 1314 2019 Brunckii
1363 1975 1450 2028 ἔχει
1500 1977 1583 2028 γὰρ
1627 1974 1768 2028 ἕδρΑΝ

194 2051 308 2097 Ζεύς.
374 2050 485 2102 Quid
516 2049 645 2091 facias
677 2050 819 2104 inepto
851 2050 1152 2105 grammatico,
1189 2050 1261 2103 qui
1295 2062 1344 2090 ex
1375 2047 1442 2090 his
1474 2047 1613 2090 verbis
1650 2045 1772 2088 colle-

192 2125 259 2180 git
291 2121 471 2175 ἔσχατος
506 2134 593 2162 esse
623 2120 738 2162 idem
769 2119 879 2174 quod
912 2117 1089 2172 πρῶτοςῗ

254 2262 480 2319 Sophocles
512 2261 664 2318 fragm.
698 2259 799 2304 827.
832 2274 928 2317 pag.
964 2259 1065 2302 259.

523 2332 592 2357 ἠὲ*
624 2330 832 2386 πάνσοφον
865 2331 1050 2384 κρότημοε
1079 2331 1263 2384 Λαέρτου
1297 2331 1425 2383 γόνος.

193 2404 305 2449 male
338 2405 454 2447 abest
487 2402 714 2445 articulus:

523 2479 602 2516 TO
637 2473 846 2527 πάνσοφον
879 2473 1065 2526 κρότημοε
1097 2473 1281 2527 Λαέρτου
1314 2472 1443 2524 γόνος.

255 2594 479 2652 Sophocles
511 2593 664 2650 fragm.
698 2592 800 2635 831.

494 2666 535 2706 τί
567 2664 739 2714 μέλλετ’
770 2666 985 2715 Ἀρτοικεῖς
1018 2680 1064 2705 τε
1098 2663 1166 2705 καὶ
1199 2663 1435 2715 Περκώσιοι;

194 2738 266 2783 sed
291 2735 535 2792 Sophocles,
558 2739 607 2776 ut
636 2748 780 2776 omnes
806 2735 1100 2779 Athenienses,
1131 2734 1294 2776 dicebat
1323 2733 1544 2784 Ἀρτκκῆς,
1564 2736 1612 2774 ut
1631 2739 1768 2783 Φωκῆς

193 2814 236 2852 et
278 2807 436 2850 similia
479 2806 642 2854 omnia,
677 2818 782 2859 quae
814 2804 977 2846 librarii
1009 2805 1153 2848 sedulo
1187 2805 1239 2846 ad
1271 2818 1391 2846 suam
1425 2805 1770 2847 consuetudinem

193 2878 464 2937 refingebant.
