1946 3298
906 146 991 189 486

157 278 346 337 gendum
385 273 685 326 ΠΑΡῆγγελλε
727 272 795 314 καὶ
836 271 981 321 αὐτός,
1028 277 1063 313 et
1094 272 1175 326 ipse
1195 275 1332 325 petere
1363 271 1497 325 coepit.
1561 269 1724 313 Notum

161 354 224 393 est
255 353 296 392 et
326 349 520 404 frequens
553 342 869 396 παραγγέλλειν
901 347 942 385 et
974 343 1105 394 ἀρχὴν
1137 340 1451 392 παραγγέλλειν
1484 344 1526 383 et
1565 356 1733 392 παραγ-

162 420 328 472 γέλλειν
371 420 424 465 εἷς
466 418 597 469 ἀρχήν
629 415 679 456 de
711 414 942 456 candidatis.
1007 412 1112 469 Pag.
1146 410 1232 454 276
1267 426 1299 453 c.
1337 411 1422 452 Διά
1452 412 1492 453 τί
1525 411 1616 458 τοὺς
1651 427 1732 453 πα-

162 490 476 544 ραγγέλλοντας
521 485 662 538 ἄρχειν
707 484 788 532 ἔθος
832 482 876 532 ἦν
919 484 956 524 ἐν
999 482 1152 535 ἱματίῳ
1184 485 1300 523 τοῦτο
1335 488 1460 523 ποιεῖν
1493 482 1732 534 ἀχίτωνας;

162 562 238 604 ubi
268 559 498 617 legendum
530 555 909 608 παραγγέλλοντας
941 554 1121 606 ἀρχΗΝ.

223 700 328 756 Pag.
364 697 447 739 201
475 697 514 739 d.
548 694 688 750 Scipio
720 693 984 737 Aemilianus
1010 692 1270 735 Memmium
1297 693 1518 734 tribunum
1543 691 1738 734 militum

165 770 433 813 luxuriosum
465 768 524 808 sic
554 767 759 821 increpat:
808 765 895 814 ἐμοὶ
928 764 1002 814 μὲν
1035 764 1188 815 ἡμέρας
1222 763 1437 815 τριάκοντα
1469 763 1538 805 καὶ
1571 769 1621 816 τῇ
1655 779 1738 804 πα-

166 841 289 894 τρίδι,
336 838 473 890 σαυτῷ
508 837 547 878 δὲ
578 836 646 878 τὸν
677 836 765 887 βιόν
800 833 973 877 ἅπαντα
1007 838 1180 880 τοιοῦτος
1215 835 1263 875 ὢν
1297 832 1476 886 ἀχρηςον
1511 832 1738 880 πεποίηκας

168 909 352 954 σεαυτόν.
416 908 590 950 Dixerat
623 907 773 959 ἡμέρας
808 903 1003 954 ἑξήκοντα
1039 904 1123 962 (vel
1155 905 1211 950 δὶς
1245 904 1502 958 τριάκοντα),
1537 905 1636 959 quia
1667 903 1739 945 tri-

166 982 272 1024 buni
303 979 496 1022 militum
519 994 594 1033 per
627 979 722 1019 duos
753 991 898 1018 menses
930 976 1090 1032 legioni
1120 978 1347 1030 praeerant.

230 1121 334 1177 Pag.
371 1117 458 1162 204
490 1132 520 1160 c.
562 1118 630 1158 OEz.
666 1115 872 1170 Pompeius
901 1113 1091 1166 μεγάλου
1125 1118 1322 1167 χειμῶνος
1355 1114 1570 1165 γενομένου
1599 1116 1744 1163 -την

170 1190 356 1244 ἄγκυραν
389 1184 482 1241 ἆραι
517 1187 719 1234 κελεύσας
751 1185 975 1237 ἀνεβόησε·
1010 1190 1135 1227 Πλεῑν
1168 1184 1411 1240 ἀναγκάζη,
1445 1184 1514 1237 ζῆν
1549 1186 1618 1227 οὐκ
1645 1186 1744 1227 ἀνα-

172 1261 322 1315 γκάζη.
385 1258 522 1302 Verba
554 1272 676 1301 sensu
707 1270 852 1301 vacua.
916 1255 1187 1312 Legendum:
1223 1260 1347 1298 Πλεῖν
1380 1255 1573 1307 ἀνάγκη,
1608 1256 1678 1310 ζῆν
1711 1255 1743 1297 δ’

172 1336 241 1378 οὐκ
274 1329 450 1382 ἀνάγκη.

233 1478 335 1532 Pag.
372 1471 459 1515 204
486 1472 519 1527 f.
553 1467 723 1525 (Cicero)
759 1471 834 1510 τῶν
867 1465 1032 1520 ῥητόρων
1065 1467 1156 1514 τοὺς
1191 1466 1309 1517 μέγα
1339 1467 1521 1518 βοῶντας
1549 1466 1671 1519 ἔλεγε
1698 1467 1746 1510 δι’

177 1546 386 1590 ἀσθένειαν
419 1542 483 1584 ἐπὶ
517 1542 588 1589 τὴν
622 1540 801 1590 κραυγὴν
833 1539 881 1585 ὡς
915 1538 1072 1590 χωλοὺς
1109 1538 1347 1588 ἀναβαίνειν
1381 1539 1447 1590 ἐφ’
1475 1536 1610 1580 ἵππον.
1653 1538 1748 1581 Ma-

174 1617 376 1660 nifestum
405 1617 596 1655 tenemus
623 1608 900 1659 Graeculum,
932 1610 1005 1663 qui
1029 1608 1130 1650 haec
1149 1610 1290 1650 omnia
1307 1623 1328 1650 e
1345 1608 1564 1650 Plutarchi
1582 1611 1747 1664 scriptis

174 1687 440 1745 negligenter
482 1682 664 1725 corrasit.
730 1679 910 1736 Legerat
941 1681 986 1720 in
1016 1680 1107 1721 vita
1142 1679 1340 1721 Ciceronis
1373 1693 1460 1735 cap.
1496 1680 1533 1721 5.
1567 1680 1659 1727 τοὺς
1692 1682 1746 1732 τῷ

177 1759 280 1810 βοάν
316 1771 420 1808 μεγ
437 1754 542 1795 ἀλα
574 1751 880 1803 χρεομένους
915 1750 1078 1803 ΙΞνὶϊορας
1114 1750 1376 1791 ἐπισκώπτων
1404 1749 1526 1801 ἔλεγε
1555 1749 1604 1792 δι’
1634 1750 1750 1792 ἀσθέ-

180 1844 286 1872 νειαν
322 1825 385 1868 ἐπὶ
419 1825 490 1872 την
524 1823 703 1874 κραυγὴν
741 1818 870 1871 ὥσπερ
903 1821 1063 1873 χωλοὺς
1097 1821 1165 1872 ἐφ’
1198 1819 1319 1862 ἵππον
1351 1821 1499 1869 πηδᾶν.
1563 1821 1658 1864 Non
1688 1823 1751 1863 in-

177 1899 344 1942 tellexit
382 1896 507 1938 homo
551 1893 650 1947 quid
690 1895 796 1934 esset
827 1892 881 1943 τῷ
916 1891 1021 1941 βοάν
1053 1892 1229 1942 μεγαλα
1261 1893 1489 1945 χρωμένους
1523 1895 1563 1934 et
1595 1892 1644 1934 de
1676 1906 1750 1935 suo

179 1968 403 2013 substituit
434 1964 526 2009 τοὺς
560 1964 676 2013 μέγα
709 1962 904 2012 βοῶντας.
955 1962 1050 2003 Non
1085 1966 1171 2004 erat
1204 1966 1346 2005 tamen
1376 1962 1620 2018 perdifficile
1651 1963 1752 2019 quid

181 2043 226 2084 'm
256 2038 857 2082 ΜΕΓΑΛΑΧΡΩΜΕΝΟὙΟ
898 2031 1048 2074 lateret
1078 2035 1336 2090 excogitare:
1381 2047 1531 2088 nempe
1562 2034 1617 2085 τῷ
1648 2033 1753 2084 βοάν

178 2103 679 2163 μεγαλΑΤΧΟΤμένους.
744 2104 1126 2156 Μεγαλαυχεῖσθαι
1167 2108 1208 2145 et
1242 2103 1357 2154 μέγα
1392 2108 1548 2156 φρονεῖν
1581 2105 1642 2146 ita
1675 2104 1753 2146 dif-

180 2182 320 2224 ferunt
351 2182 400 2221 ut
430 2175 546 2227 μέγα
578 2179 734 2227 φρονεῖν
766 2175 810 2215 in
837 2188 880 2215 re
906 2173 1112 2216 laudabili
1143 2178 1346 2229 ponatur,
1382 2176 1751 2226 μεγαλαυχεῖσθαι

183 2252 234 2294 de
280 2249 412 2293 stulta
452 2250 493 2289 et
535 2245 747 2302 arroganti
798 2245 1035 2286 iactatione.
1098 2244 1353 2287 Plutarchus
1398 2244 1517 2287 Tom.
1555 2244 1609 2287 II.
1652 2259 1751 2302 pag.

184 2320 270 2364 105
314 2336 348 2361 α.
408 2318 640 2359 Παυσανίου
692 2314 1095 2367 μεγαλαυχουμένου
1144 2319 1321 2367 συνεχῶς
1372 2315 1437 2356 ἐπὶ
1486 2321 1577 2362 ταῖς
1628 2317 1752 2358 αὑτοῦ

184 2391 395 2445 πράξεσιν,
439 2391 481 2430 et
516 2386 619 2429 alibi
659 2387 830 2441 passim.
894 2385 1007 2443 Ergo
1038 2385 1169 2428 simul
1200 2385 1419 2429 Plutarchi
1452 2400 1603 2429 manus
1634 2388 1753 2429 resti-

185 2464 322 2506 tuitur
354 2463 395 2502 et
427 2456 625 2501 Graeculi
655 2456 768 2499 fraus
799 2459 931 2512 patet.

247 2601 352 2658 Pag.
386 2597 471 2641 205
491 2598 525 2640 b.
561 2596 704 2640 Cicero
734 2597 915 2639 Βατίνιον
933 2623 988 2629 -
1009 2597 1185 2645 ἀκούσας
1219 2596 1277 2641 ὅτι
1304 2597 1487 2647 τέθνηκεν
1516 2594 1609 2642 εἶτα
1637 2596 1754 2650 γνοὺς

190 2672 322 2725 ὕςερον
356 2668 414 2712 ὅτι
441 2668 487 2721 ζῆ
516 2672 678 2717 Κακῶς,
709 2665 832 2719 εἶπεν,
862 2668 1054 2711 ἀπόλοιτο
1081 2673 1212 2715 κακῶς
1239 2669 1256 2710 ὁ
1284 2670 1554 2722 ψευσάμενος.
1598 2668 1757 2713 Graeca

190 2744 325 2787 forma
357 2743 439 2783 est:
475 2737 596 2785 κακὸς
632 2742 761 2785 κακῶς
796 2739 1008 2791 ἀπόλοιτο,
1042 2738 1109 2782 vel
1142 2738 1276 2785 κάκις’
1307 2740 1512 2782 ἀπόλοιτο.

245 2882 350 2939 Pag.
383 2877 469 2923 206
487 2895 524 2925 α.
565 2876 714 2920 Caesar
736 2878 938 2932 petiturus
968 2876 1250 2934 Pontificatum
1282 2881 1489 2922 mawimum
1520 2877 1755 2933 προπεμπό-
