1946 3298
970 138 1053 181 148

284 268 403 312 Suid.
443 282 485 311 v.
528 266 793 309 Ἐκπλεύσειν
836 269 878 308 et
915 263 1181 317 κατέγραφον
1213 279 1264 306 ex
1295 263 1470 307 Aeliano
1501 262 1641 305 affert:
1676 259 1794 304 πυθό-

225 356 333 392 μενοι
368 339 408 382 δὲ
441 341 579 380 ταῦτα
612 339 645 380 οἱ
679 337 912 388 Συβαρῖται
947 335 1213 387 κατέγραφον
1256 335 1414 380 ἑαυτοῖς
1448 332 1706 383 εὐδαιμονίαν
1742 331 1792 374 δι’

225 413 378 456 αἰῶνος.
419 411 477 460 μὴ
509 409 590 460 γὰρ
626 408 674 450 ἂν
707 407 1031 449 ἐκπλεύσειν
1064 411 1139 447 τῶν
1172 410 1323 456 φρενῶν
1354 405 1392 451 ἐς
1426 407 1611 446 τοσοῦτον
1646 405 1696 450 ῶς
1729 403 1796 444 άν-

226 481 396 534 θρώπους
440 479 691 532 προτιμῆσαί
732 494 829 520 ποτε
874 479 978 519 θεῶν.
1045 476 1311 531 Quamquam
1351 475 1589 516 ἐκπλεύσειν
1621 487 1696 529 pro
1729 475 1796 515 ἐκ-

224 552 472 595 πλεύσεσθαι
506 551 730 592 barbarum
763 554 825 591 est
857 552 898 590 et
930 548 979 590 ἂν
1008 547 1245 589 ἐκπλεύσειν
1273 545 1510 600 soloccum‚
1541 544 1630 586 noli
1655 548 1798 587 tamen

225 626 476 680 scripturam
506 634 687 662 movere.
753 619 822 661 Sic
854 621 969 660 enim
1001 618 1183 660 Romani
1215 615 1371 659 Graece
1400 615 1648 657 scribebant.
1697 614 1798 656 Imi—

222 695 391 737 tabatur
423 695 467 735 in
497 693 563 733 his
594 691 796 733 Aelianus
827 690 1088 732 Herodotum
1121 688 1195 730 III.
1227 687 1325 730 155.
1357 691 1431 733 κῶς
1460 687 1530 727 οὐκ
1559 684 1797 735 ἐξέπλωσας

223 770 300 807 τῶν
342 768 513 817 φρενῶν;
561 766 602 804 et
643 763 701 803 sic
742 760 919 802 mirifice
963 760 1155 802 credebat
1188 773 1231 801 se.
1264 772 1351 800 esse
1381 758 1587 800 locutum.
1650 756 1799 812 Itaque

223 838 381 878 iterum
412 837 473 876 ita
504 833 611 875 dixit
644 832 772 887 (apud
803 831 918 872 Suid.
951 846 992 874 V.
1026 831 1328 876 ἐκπλεύσαντες
1338 839 1374 882 j:
1409 829 1441 870 οἱ
1474 828 1514 870 δὲ
1548 828 1799 870 ἐκπλεύσαν-

226 922 293 954 τες
326 910 401 949 τῶν
433 908 583 958 φρενῶν
615 900 707 946 εἶτα
742 901 834 945 ἐνεοὶ
869 901 1065 953 ἐγένοντο.

289 1089 406 1133 Suid.
438 1103 480 1131 v.
514 1089 559 1129 Ἐ
576 1087 878 1128 κτεθνεῶτα
913 1081 987 1126 οἷον
1020 1084 1085 1126 τὸν
1120 1085 1157 1124 ἐν
1193 1081 1385 1134 ἐσχάτοις
1419 1081 1532 1125 ὄντα.
1585 1080 1682 1123 Non
1713 1095 1801 1123 me-

228 1163 337 1205 mini
377 1174 447 1202 me
477 1158 619 1201 videre
650 1157 868 1198 hominem
899 1157 944 1196 in
974 1155 1128 1197 litteris
1160 1155 1515 1210 impudentiorem
1549 1167 1676 1208 quam
1708 1151 1798 1194 Sui-

228 1233 300 1275 das
332 1234 406 1272 est.
470 1229 532 1271 De
565 1229 716 1283 quibus
746 1227 870 1268 rebus
901 1226 1007 1267 m'ln'l
1026 1241 1193 1280 prorsus
1229 1226 1385 1267 sciebat
1415 1238 1482 1266 eas
1511 1224 1669 1280 insigni
1708 1237 1801 1265 con-

227 1302 398 1344 fidentia
453 1303 502 1341 ut
549 1299 629 1340 sibi
675 1298 916 1340 notissimas
962 1298 1274 1351 interpretatur.
1353 1294 1495 1336 Habes
1543 1293 1801 1349 exemplum.

228 1375 346 1417 Inter
388 1370 575 1414 τεθνάναι
616 1373 657 1411 et
696 1367 926 1410 ἐκτεθνάναι
961 1367 1061 1422 quid
1092 1367 1260 1407 intersit
1290 1367 1414 1421 pauci
1445 1366 1660 1413 nesciunt,
1694 1368 1736 1406 et
1768 1366 1803 1406 si

230 1447 323 1501 quis
355 1444 461 1486 forte
493 1444 659 1499 ignorat
692 1440 865 1496 colliget
897 1453 943 1480 ex
977 1437 1168 1486 Platonis
1192 1436 1282 1478 loco
1310 1437 1357 1477 cle
1386 1436 1500 1488 Leyq.
1526 1449 1622 1492 pag.
1643 1434 1743 1476 959.
1763 1450 1800 1476 οι.

231 1516 308 1561 τὰς
352 1514 553 1565 προθέσεις
599 1511 908 1567 (defunctorum)
945 1509 1003 1559 μὴ
1037 1506 1280 1559 μακρότερον
1313 1506 1451 1558 χρόνον
1483 1507 1699 1556 γίγνεσθαι
1732 1508 1802 1547 τοῦ

231 1588 440 1635 δηλοῦντος
473 1582 540 1624 τόν
573 1599 619 1623 τε
655 1582 983 1623 ἐκτεθνεῶτα
1017 1579 1084 1620 καὶ
1118 1578 1185 1620 τὸν
1219 1577 1336 1624 ὅντως
1365 1577 1599 1624 τεθνηκότα.
1648 1576 1803 1618 Inunc

230 1661 271 1700 et
303 1656 421 1699 crede
454 1654 520 1696 τὸν
555 1653 799 1696 ἐκτεθνεῶτα
832 1665 919 1694 esse
953 1651 1019 1692 τὸν
1054 1650 1092 1691 ἐν
1127 1647 1319 1700 ἐσχάτοις
1352 1647 1460 1690 ὄντα.

287 1837 485 1881 Indicabo
543 1835 645 1878 alias
706 1848 859 1891 paucas
907 1832 1060 1874 Suidae
1107 1831 1471 1886 interpretationes
1517 1828 1716 1872 mirificas
1763 1833 1805 1872 et

228 1910 277 1952 de
319 1908 453 1950 nihilo
495 1906 626 1949 fictas.
672 1920 713 1948 v.
760 1903 992 1949 Ἐπιπολάς
1037 1917 1087 1945 ex
1129 1902 1308 1958 Polybio
1350 1901 1414 1957 (ut
1447 1900 1631 1952 videtur)
1663 1900 1802 1943 affert:

228 1981 319 2026 τοὺς
372 1980 410 2020 δὲ
463 1977 684 2027 Ῥωμαίους
733 1977 883 2028 θαρρεῖν
931 1974 1141 2025 συνέβαινε
1189 1976 1437 2024 κρατοῦντας
1480 1975 1548 2013 τοῦ
1595 1971 1681 2021 περὶ
1724 1971 1803 2018 τοὶς

231 2050 463 2096 Ἐπιστολάς
507 2048 644 2090 τόπου.
707 2047 839 2088 Putes
880 2046 957 2092 τας
1010 2043 1241 2091 Ἐπιπολάς
1283 2057 1409 2099 prope
1442 2041 1671 2099 Syracusas
1703 2043 1804 2085 satis

229 2136 316 2164 esse
349 2121 542 2164 omnibus
575 2122 706 2161 notas.
772 2116 925 2159 Suidas
959 2116 1078 2158 docet
1110 2129 1196 2157 esse
1228 2115 1340 2157 ὤνια.

289 2282 400 2334 Quid
433 2282 488 2323 sit
517 2280 761 2329 ἕπίςαθμος,
794 2276 1163 2330 ἐπιςαθμεύεσθαι,
1192 2273 1551 2325 άνεπιςάθμευτος
1580 2276 1624 2316 in
1648 2273 1805 2330 vulgus

226 2357 376 2396 notum
409 2365 496 2393 esse
533 2350 739 2392 videatur.
806 2348 957 2390 Suidas
989 2346 1240 2390 confidenter
1273 2348 1414 2388 narrat
1439 2343 1802 2397 ἐπιςαθμευόμενοι

228 2437 315 2466 esse
347 2423 564 2475 κρίνοντες,
599 2421 865 2465 ὑπονοοῦντες.

287 2582 336 2624 In
364 2596 404 2624 v.
433 2579 774 2632 Καθιππάζεσθαι
802 2582 943 2621 narrat
970 2577 1206 2635 significare
1235 2577 1466 2630 συντρέχειν
1503 2580 1542 2619 et
1576 2578 1648 2620 dat
1664 2591 1803 2619 exem·

226 2652 347 2710 plum
376 2651 570 2706 άφορμας
601 2650 773 2696 δεδωκὼς
800 2654 880 2696 τοῖς
907 2648 1164 2700 βουλομένοις
1184 2647 1512 2700 καθιππάζεσθαι
1533 2647 1801 2700 φιλοσοφίας.

285 2816 386 2858 Post
417 2825 550 2868 pauca
577 2810 757 2853 affirmat
785 2810 979 2854 καθίςατο
1010 2823 1096 2851 esse
1124 2810 1389 2859 ἐπεμελεῖτο,
1420 2806 1650 2860 ἐφρόντιζεν
1676 2808 1804 2863 idque

222 2887 485 2942 demonstrat
508 2882 666 2927 verbis:
694 2881 709 2924 ὁ
736 2881 776 2923 δὲ
799 2879 1000 2933 βασιλεὺς
1022 2905 1076 2911 -
1094 2880 1204 2928 εὐθὺς
1233 2879 1429 2924 καθίσατο
1456 2880 1494 2926 ἐς
1519 2878 1586 2921 τὸν
1605 2877 1802 2930 πόλεμον.
