1946 3298
887 230 972 275 339

205 357 319 412 Quae
362 357 565 416 leguntur
594 359 617 414 ξ
651 357 706 401 58
739 372 823 414 sqq.
859 358 910 401 ab
941 358 1166 402 Heraclide
1196 359 1395 410 Pontico,
1427 359 1616 404 Platonis
1647 366 1719 406 aui

144 430 300 480 ditore‚
349 432 490 472 sumta
537 443 623 472 esse
665 443 689 471 a
727 428 953 472 Meinersio
999 433 1215 486 putantur.
1278 430 1355 472 Est
1400 445 1496 473 sane
1543 434 1720 488 scriptor

141 500 408 557 perelegans,
442 500 578 543 veluti
610 502 631 555 ξ
665 499 719 541 58
753 499 845 547 τοὺς
872 499 945 550 μὲν
973 501 1055 552 γαρ
1079 500 1305 552 χρημάτων
1332 501 1400 542 καὶ
1429 506 1584 555 τρυφῆς
1613 504 1720 555 αἱρεῖ

141 570 282 625 πόθος,
317 571 406 618 τοὺς
440 572 479 613 δὲ
513 573 645 624 αρχῆς
679 570 748 613 καὶ
786 570 1006 622 ἡγεμονίαις
1041 570 1196 628 ἵμερος,
1225 571 1447 626 φιλονικίαι
1474 588 1519 614 τε
1546 572 1718 624 δοξομα-

141 647 218 690 νεῖς
251 641 511 694 κατέχουσιν.

200 781 249 824 In
282 795 368 838 sqq.
403 782 559 824 editur:
595 784 726 832 καλὴν
757 782 831 834 μὲν
865 779 928 824 οὖν
961 780 1059 825 εἶναι
1094 784 1165 832 την
1191 787 1260 825 τοῦ
1289 783 1525 835 σύμπαντος
1555 784 1717 835 οὐρανοῦ

142 851 252 903 θέαν,
289 878 343 884 —-
378 853 492 895 κατα
523 853 745 904 μετουσίαν
779 854 915 904 μέντοι
947 857 1016 895 τοῦ
1053 854 1205 906 πρώτου
1238 856 1304 896 καὶ
1340 858 1410 896 τοῦ
1445 859 1580 903 νοητοῦ
1617 853 1716 898 εἶναι

140 924 241 966 αὐτὸ
274 927 460 966 τοιοῦτον.
509 924 668 966 Addita
697 924 848 968 vocula
880 939 985 980 quae
1015 927 1060 967 in
1091 926 1383 968 huiuscemodi
1410 929 1719 983 comparatione

139 996 369 1037 necessaria
401 997 462 1037 est
493 994 744 1052 legendum:
779 998 909 1043 καλὴν
942 996 1016 1046 μὲν
1049 995 1111 1039 οὖν
1144 994 1244 1038 εἶναι
1278 1004 1371 1039 ΚΑΙ
1404 998 1476 1045 την
1508 1001 1578 1039 τοῦ
1616 998 1719 1048 σύμ-

142 1082 293 1113 παντος
334 1067 495 1118 οὐρανοῦ
538 1067 654 1114 θέαν,
700 1071 741 1109 et
783 1069 841 1109 sic
884 1067 1057 1109 demum
1097 1067 1355 1125 intelligitur
1385 1068 1519 1119 μέντοι
1553 1070 1597 1110 in
1629 1083 1716 1124 sqq.

137 1136 248 1179 κατα
281 1137 502 1188 μετουσίαν
534 1142 763 1179 ΜΕΝΤΟΙ
796 1140 865 1179 τοῦ
898 1139 1067 1189 πρώτου.

197 1278 246 1320 In
275 1279 298 1334 ξ
331 1277 401 1320 59.
435 1279 563 1331 σοφία
597 1281 659 1320 est
692 1279 922 1320 secundum
953 1279 1246 1337 Pythagoram
1281 1281 1302 1328 ἡ
1335 1281 1389 1332 τῷ
1423 1279 1502 1322 ἕντι
1535 1281 1715 1332 ἕπιςήμη

137 1350 234 1405 [τις]
271 1350 291 1398 ἦ
325 1351 411 1403 περὶ
446 1351 500 1391 τοι
535 1349 646 1391 καλοὶ
682 1351 822 1401 πρῶτα
855 1350 922 1391 καὶ
958 1352 1045 1391 θεῖα
1078 1351 1146 1392 καὶ
1181 1352 1370 1401 οέκηρατα
1406 1352 1473 1394 καὶ
1507 1353 1570 1394 οὲεὶ
1602 1355 1715 1396 κατα

136 1421 192 1462 τοὶ
233 1421 345 1463 αὐτοὶ
391 1421 456 1463 καὶ
505 1421 693 1466 ὡσαύτως
738 1419 890 1473 ἔχοντα
933 1421 1244 1473 οἷσχολουμένη,
1280 1421 1329 1464 ὧν
1360 1430 1523 1476 μετοχῇ
1556 1425 1625 1466 καὶ
1659 1426 1717 1468 τα

137 1490 254 1533 ἄλλα
287 1491 336 1534 ἂν
369 1491 469 1534 εἴποι
504 1508 565 1538 τις
599 1491 723 1533 καλοὶ.
773 1491 877 1533 Dele
899 1508 959 1538 τις
988 1493 1099 1547 quod
1126 1507 1222 1534 cum
1256 1495 1303 1534 ‘H
1331 1495 1508 1544 ε’πιςήμη
1538 1500 1716 1554 pugnat.

135 1561 185 1604 In
216 1576 303 1618 sqq.
351 1563 510 1618 optime
550 1562 595 1604 F.
642 1561 728 1614 περὶ
767 1562 822 1604 τοὶ
870 1563 983 1604 καλοὶ
1016 1568 1095 1605 TA
1126 1568 1290 1619 πρῶτα,
1325 1565 1434 1620 quod
1467 1567 1596 1608 etiam
1629 1569 1718 1610 sine

135 1632 256 1675 libris
287 1634 455 1675 restitui
488 1633 712 1675 debuisset.
1550 1636 1553 1637 ⁷

199 1701 421 1746 Caeterum
448 1704 550 1747 haec
577 1705 718 1746 omnia
745 1705 884 1761 magis
912 1708 1010 1747 sunt
1035 1705 1253 1749 Platonica
1277 1721 1403 1762 quam
1430 1708 1713 1768 Pythagorea.

198 1843 247 1886 In
278 1844 301 1899 ξ
334 1844 402 1887 60.
449 1844 500 1886 ad
544 1844 707 1887 fabulas
748 1845 930 1900 pueriles
973 1846 1232 1889 delabimur:
1278 1847 1400 1900 μέχρι
1443 1853 1520 1890 τῶν
1553 1847 1717 1899 ἀλόγων

138 1916 243 1971 ζῴων
275 1917 519 1959 οέναλυτικόν
551 1932 590 1958 τι
625 1916 692 1958 καὶ
725 1918 943 1959 νουθετικὸν
976 1916 1168 1965 ἐκέκτητο
1198 1918 1458 1970 Πυθαγόρας.
1523 1920 1606 1962 Pro
1635 1936 1716 1961 νου-

139 1988 289 2031 θετικόν
322 1990 555 2030 rectissime
587 1987 633 2029 F.
667 1986 936 2035 νουθετητικόν
968 1988 1097 2031 dedit.
1160 1987 1241 2031 Sed
1280 1989 1522 2032 αναλυτικόν
1554 2005 1717 2046 quoque

137 2062 382 2116 corruptum
414 2062 488 2101 eet.
539 2058 650 2111 Quid
675 2060 719 2100 in
752 2072 798 2101 eo
829 2058 980 2101 lateret
1012 2073 1133 2115 saepe
1165 2061 1353 2115 quaesivi
1385 2061 1456 2104 sed
1482 2075 1717 2117 numquam

135 2132 311 2186 repperi.

198 2268 247 2310 In
279 2282 364 2324 sqq.
400 2267 651 2322 διδασκαλία
693 2269 833 2311 πάντα
876 2270 1160 2322 περιγίγνεται
1193 2277 1276 2318 τοῖς
1311 2275 1395 2314 νοῦν
1428 2272 1588 2325 ἔχουσιν
1621 2271 1717 2317 ὅπου

139 2339 206 2381 καὶ
250 2344 332 2386 τοῖς
369 2364 422 2370 —
457 2340 635 2391 ἀμοιρεῖν
678 2339 805 2390 λόγου
843 2340 1126 2393 νομιζομένοις.
1191 2342 1313 2384 Nihil
1345 2346 1406 2385 est
1438 2346 1483 2386 in
1514 2345 1581 2387 his
1614 2345 1719 2388 diffi-

140 2410 332 2461 cultatis,
374 2413 424 2452 ut
466 2410 675 2452 Kusterus
707 2411 968 2466 opinabatur.
1033 2411 1150 2464 Idem
1183 2416 1294 2455 recte
1327 2415 1587 2460 emendavit:
1622 2414 1717 2460 ὅπου

139 2486 207 2521 ΓΕ
239 2480 332 2531 καί,
367 2481 477 2536 quod
509 2481 671 2523 dudum
701 2485 918 2536 receptum
951 2486 1202 2538 oportuerat.

198 2622 339 2664 Vanus
380 2624 442 2663 est
480 2624 522 2664 et
552 2622 728 2677 puerilis
761 2622 989 2664 admodum
1023 2625 1198 2680 scriptor
1230 2628 1302 2681 qui
1335 2641 1382 2669 ea
1414 2628 1567 2671 litteris
1600 2645 1717 2673 man-

138 2693 255 2736 davit
287 2706 392 2748 quae
425 2691 628 2749 leguntur
661 2694 705 2734 in
737 2698 759 2748 ᾗ
793 2692 967 2734 60-63
997 2697 1039 2736 et
1071 2696 1182 2751 apud
1213 2696 1500 2755 Porphyrium
1535 2702 1579 2742 in
1607 2703 1629 2756 ξ
1661 2701 1719 2745 23

138 2778 197 2818 sq.
262 2763 378 2805 Serio
418 2767 559 2805 narrat
600 2763 893 2821 Pythagoram
936 2767 1105 2823 egregie
1148 2768 1367 2810 cordatum
1407 2770 1648 2827 hominem,
1683 2775 1720 2815 si

139 2835 231 2888 quis
262 2834 369 2876 alius
399 2849 558 2884 „ursam
585 2834 841 2876 iureiurando
868 2836 1075 2892 adeqisse'',
1104 2838 1274 2889 ὁρκῶσαι
1304 2840 1375 2887 την
1402 2840 1547 2892 ἄρκτον
1571 2844 1717 2894 μηκέτι

140 2904 334 2956 ἐμψύχου
377 2904 673 2947 καθάπτεσθαι.
738 2905 852 2958 Quae
893 2907 1022 2949 verba
1062 2910 1259 2963 praeierit
1303 2913 1344 2952 et
1387 2925 1468 2966 quo
1513 2917 1634 2968 pacto
1676 2917 1720 2957 in

141 2975 230 3016 eius
261 2975 389 3017 verba
419 2989 515 3018 ursa
549 2977 753 3020 iuraverit
783 2990 950 3020 narrare
979 2978 1182 3035 neglexit.
