1946 3298
945 158 1031 204 575

200 284 434 333 κινηθέντες.
498 282 610 326 Satis
646 285 790 326 tamen
831 287 980 327 notum
1017 288 1058 326 et
1089 284 1282 340 frequens
1315 288 1377 328 est
1410 285 1505 337 πρὸς
1539 286 1688 338 ὀργήν,
1723 289 1773 330 ut

200 357 294 409 πρὸς
337 354 484 407 χάριν,
529 354 622 406 πρὸς
669 355 768 404 βίαν
810 359 851 397 et
883 357 978 397 sim.
1010 359 1058 397 ut
1090 357 1134 397 in
1167 355 1310 399 Solone
1341 355 1411 399 2¹7.
1446 357 1515 398 44.
1552 355 1640 399 εἷπε
1673 358 1768 411 πρὸς

199 428 317 480 ὅργην
350 427 367 468 ὃ
401 430 583 477 Κροῖσος,
619 427 752 467 iratus
783 428 907 476 dixit,
941 429 983 468 et
1014 425 1163 469 multis
1196 427 1290 469 aliis
1322 427 1438 470 locis.

258 563 420 621 Agesil.
457 562 496 606 7.
533 564 569 605 1.
603 563 690 605 ἐπεὶ
724 564 765 605 δὲ
798 562 888 613 ἧκεν
920 565 975 611 εἷς
1005 564 1188 617 Ἔφεσον
1221 566 1334 613 εὐθὺς
1367 565 1534 617 ἀξίωμα
1567 567 1685 618 μέγα
1713 593 1768 599 -

200 634 244 684 ἦν
286 635 373 687 περὶ
417 635 484 676 τὸν
527 635 759 687 Λύσανδρον
793 660 847 666 -
881 634 1043 677 πάντων
1092 637 1494 688 παρακολουθούντων
1541 639 1609 680 καὶ
1661 639 1774 691 θερα-

199 706 398 748 πευόντων
440 706 585 747 ἐκεῖνον
626 707 676 752 ὡς
719 704 843 755 ὄνομα
885 706 959 756 μὲν
1002 706 1070 748 καὶ
1113 712 1265 759 σχῆμα
1307 714 1378 757 τῆς
1423 709 1653 760 ςρατηγίας
1701 709 1768 750 τὸν

198 778 450 828 Ἀγησίλαον
494 775 615 824 ὄντα,
662 774 763 828 ἔργῳ
807 777 847 818 δὲ
881 802 936 807 ——
970 777 1207 829 πράττοντα
1252 777 1392 819 ποὲντα
1426 780 1493 821 τὸν
1526 780 1772 833 Λύσανδρον.

198 848 397 891 Mendosa
438 847 539 889 haec
581 850 678 888 sunt
718 860 793 888 nec
835 846 1024 888 multum
1066 847 1308 903 proficimus
1339 849 1503 891 Reiskii
1536 853 1773 894 coniectura

199 918 350 970 ἔχοντα
392 931 466 973 pro
497 918 595 959 ὄντα
627 919 878 972 reponentis.
941 918 1112 960 Excidit
1144 921 1396 974 praepositio
1431 924 1472 962 et
1504 923 1562 963 sic
1595 923 1775 963 scriben-

199 991 326 1032 dum:
371 990 419 1035 ὡς
463 988 586 1039 ὄνομα
620 988 694 1039 μὲν
727 987 795 1029 καὶ
831 993 982 1040 σχῆμα
1015 993 1087 1036 τῆς
1122 991 1351 1041 ςρατηγιάς
1386 997 1512 1033 ΠΕΡΙ
1546 992 1612 1033 τὸν
1645 993 1776 1043 Ἀγη-

199 1061 341 1103 σίλαον
372 1059 486 1103 ὄντα.

261 1199 422 1257 Agesil.
469 1201 507 1241 7.
559 1197 628 1241 31.
679 1199 925 1255 (Lysander)
977 1199 1201 1251 παρεκάλει
1251 1201 1481 1253 θεραπεύειν
1528 1202 1663 1249 ἰόντας
1710 1205 1778 1246 τὸν

201 1270 387 1322 βασιλέα
432 1270 500 1312 καὶ
547 1270 638 1315 τοὺς
670 1275 924 1312 ΜΛΛΛΟΝ
958 1272 1082 1313 αὐτοῦ
1117 1271 1373 1321 δυναμένους.
1436 1273 1530 1315 Non
1563 1274 1687 1316 aliter
1718 1274 1778 1316 di-

201 1343 350 1384 cebant
389 1355 533 1383 omnes
575 1355 701 1396 quam
746 1340 884 1391 μέγα,
920 1341 1080 1394 μεῖζον,
1115 1342 1286 1392 μέγιςον
1320 1343 1538 1399 δύνασθαι,
1573 1348 1614 1387 et
1647 1347 1776 1402 πολύ,

200 1413 346 1464 πλέον,
383 1419 552 1457 πλεῖςον
584 1412 804 1463 δύνασθαι,
840 1413 1113 1468 quamobrem
1145 1419 1367 1457 ΜΕΙΖΟΝ
1401 1416 1707 1472 corrigendum.

259 1552 418 1610 Agesil.
470 1551 510 1594 8.
563 1551 603 1594 5.
651 1551 876 1605 ἀχθόμενος
922 1550 986 1595 οῦν
1027 1553 1043 1595 ὁ
1088 1553 1319 1605 Λύσανδρος
1365 1554 1480 1606 λέγει
1526 1556 1621 1608 πρὸς
1655 1557 1779 1600 αὐτόν

201 1624 378 1674 ,,”Ηιδεις
419 1621 502 1675 ἄρα
543 1627 710 1676 σαφῶς,
756 1624 1010 1674 Ἀγησίλαε,
1053 1625 1145 1671 τοὺς
1185 1625 1331 1677 φίλους
1369 1627 1629 1670 ἐλαττοῦΝ.”
1662 1628 1778 1679 ,,’Ήι-

200 1695 302 1750 δειν,
337 1693 445 1747 ἔφη,
479 1695 570 1740 τοὺς
605 1695 700 1744 ἐμοῦ
735 1693 870 1746 μεῖζον
901 1695 1095 1737 δύνασθαι
1128 1696 1445 1746 βουλομένους.”
1493 1697 1638 1754 Inepte
1664 1713 1780 1754 repe-

198 1767 330 1808 titum
363 1764 467 1818 ᾔδειν
500 1781 647 1808 sanum
681 1780 763 1808 non
795 1770 869 1808 est.
935 1766 1131 1822 Suspicor
1162 1767 1265 1809 olim
1299 1770 1358 1810 sic
1391 1770 1597 1824 scriptum
1625 1770 1777 1812 fuisse:

201 1861 257 1868 —-
290 1838 503 1879 ἐλαττοῦν.
539 1844 617 1879 ΝΗ
654 1839 741 1892 ΔΓ,
770 1837 873 1889 ἔφη,
901 1838 993 1884 τούς
1021 1844 1089 1879 ΓΕ
1116 1838 1214 1888 ἐμοῦ
1242 1839 1377 1892 μεῖζον
1406 1841 1490 1882 κτέ.
1523 1841 1777 1896 Xenophon,

199 1922 325 1963 quem
367 1910 411 1949 in
452 1909 519 1950 his
552 1910 746 1950 omnibus
778 1909 1032 1951 Plutarchus
1065 1911 1255 1964 sequitur
1284 1914 1326 1952 et
1359 1911 1584 1961 describit,
1616 1912 1776 1955 Hellen,

197 1978 273 2021 ΠΙ.
319 1978 359 2022 4.
405 1979 443 2021 9.
490 1981 710 2031 προσελθὼν
755 1978 886 2022 εἶπεν·
922 1977 991 2022 ’ῗΩ
1033 1979 1297 2032 Ἀγησίλαε,
1333 1985 1471 2032 μειοῦν
1503 1983 1578 2034 μὲν
1611 1982 1691 2035 ἄρα
1724 1985 1774 2027 ου’

199 2065 250 2100 γε
283 2051 375 2098 τοὺς
407 2051 554 2103 φίλους
587 2052 730 2100 ἠπίςω.
794 2051 898 2093 Ναὶ
945 2051 1018 2102 μοὶ
1063 2051 1168 2103 Δί’,
1215 2051 1320 2106 ἔφη,
1367 2053 1457 2100 τούς
1497 2071 1549 2105 γε
1578 2055 1777 2108 βουλομέ-

200 2136 283 2167 νους
319 2122 415 2172 ἐμοῦ
450 2122 609 2176 μείζους
642 2123 877 2176 φαίνεσθαι.

260 2261 419 2318 Agesil.
464 2260 505 2303 8.
550 2260 591 2303 8.
635 2262 703 2304 καὶ
747 2263 764 2304 ὂ
808 2261 1036 2315 Λύσανδρος
1073 2263 1222 2317 ,,Ἀλλ’
1255 2264 1372 2315 ἴσως,
1406 2264 1510 2319 ἔφη,
1545 2271 1685 2310 ταῦτα
1717 2269 1776 2312 σοὶ

199 2332 394 2375 λέλεκται
438 2331 602 2382 βέλτιον
645 2333 666 2382 ἢ
714 2333 800 2383 ἐμοὶ
845 2332 1122 2384 πέπρακται.”
1158 2335 1203 2376 in
1234 2336 1325 2378 Vita
1356 2336 1568 2393 Lysandri
1598 2338 1667 2381 23.
1704 2339 1775 2383 51.

200 2404 259 2445 sic
291 2403 512 2445 scribitur:
550 2406 696 2454 υἈλλ’
733 2403 824 2451 ἴσως
858 2405 957 2454 μὲν,
995 2402 1021 2446 ὦ
1058 2403 1320 2456 Ἀγησίλαε,
1355 2407 1413 2449 σοὶ
1443 2407 1639 2452 λέλεκται
1666 2413 1779 2461 μοῖλ-

200 2482 266 2514 λον
311 2473 332 2521 ἢ
376 2473 463 2524 ἐμοὶ
505 2474 785 2527 πέπρακται.”
828 2479 870 2517 et
911 2477 954 2517 in
997 2475 1291 2531 Xenophontis
1331 2478 1490 2521 Hellen.
1535 2480 1610 2522 ΠΙ.
1658 2481 1698 2524 4.
1736 2481 1776 2524 9.

199 2543 267 2585 καὶ
311 2543 328 2584 ὃ
373 2544 604 2598 Λύσανδρος
638 2544 749 2587 εἶπεν
784 2545 936 2596 ,,Ἀλλ’
970 2545 1062 2593 ἴσως
1096 2547 1165 2589 καὶ
1199 2550 1362 2598 μᾶλλον
1394 2549 1534 2592 εἰκότα
1567 2553 1614 2594 σὺ
1650 2558 1775 2600 ποιεῖς

199 2614 220 2663 ἢ
256 2615 335 2665 ἐγὼ
372 2614 610 2668 έπραττον.”
672 2617 881 2674 Lysandri
913 2617 1075 2660 dictum
1109 2621 1151 2660 et
1181 2619 1224 2660 in
1257 2621 1347 2662 vita
1376 2619 1561 2676 Agesilai
1590 2626 1632 2665 et
1665 2624 1775 2678 apud

199 2685 519 2741 Xenophontem
552 2687 738 2744 intelh'gi
767 2701 849 2730 non
881 2690 1030 2743 potest.
1079 2687 1236 2731 Verum
1271 2704 1358 2732 esse
1389 2691 1586 2733 arbitror:
1628 2696 1775 2747 ,,Ἀλλ’

200 2755 291 2802 ἴσως
323 2757 396 2807 μὲν
429 2761 569 2800 ταῦτα
603 2774 660 2800 σοι
692 2757 887 2800 λέλεκται
921 2761 1083 2809 μᾶλλον
1115 2759 1136 2809 ἢ
1172 2760 1257 2810 ἐμοὶ
1292 2760 1543 2813 πέπρακται.
1590 2762 1652 2805 At
1673 2766 1777 2820 fieri

195 2835 352 2883 potest,
385 2829 546 2883 inquit,
580 2837 626 2871 ut
657 2829 727 2871 Ῐιοο
753 2831 884 2884 mayz's
914 2831 968 2871 sit
998 2846 1024 2871 α
1055 2839 1092 2872 te
1123 2832 1276 2873 dietum
1303 2848 1426 2888 quam
1453 2849 1479 2873 α
1506 2847 1567 2874 me
1586 2834 1773 2890 factum,

201 2898 354 2952 quibus
384 2901 524 2943 verbis
554 2900 742 2943 modeste
774 2900 972 2957 Agesilae
1003 2902 1341 2945 criminationem
1375 2917 1398 2945 a
1430 2917 1473 2946 se
1505 2903 1718 2947 amolitur.
