1946 3298
914 160 999 205 467

231 284 393 329 Deinde
423 286 695 342 posteaquam
726 285 828 329 haec
859 286 1110 345 pervulgata
1141 289 1341 345 tradidit,
1373 291 1636 333 valetudinem
1661 305 1743 333 eor-

164 357 278 412 poris
309 371 388 398 esse
419 358 656 412 curandam,
700 357 870 412 simplici
910 357 1016 399 victu
1047 361 1252 411 utendum,
1300 360 1344 402 in
1373 361 1562 402 sumtibus
1591 362 1741 403 modum

172 442 251 469 esse
281 428 531 478 servandum,
568 428 786 470 memoriam
819 443 994 470 emeroere
1024 435 1218 484 oportere,
1261 431 1346 473 alta
1377 444 1478 473 voce
1509 430 1739 473 exclamat:

322 500 461 540 ταῦτα
493 497 628 553 πόνει,
660 500 780 541 ταῦτ’
812 497 1042 550 ἐκμελέτα,
1074 500 1224 542 τούτων
1253 502 1333 553 χρὴ
1367 501 1458 555 ἐροῖν
1490 516 1555 551 σε,

319 567 459 611 ταῦτά
490 585 536 611 σε
571 575 644 618 τῆς
676 569 778 617 θείης
812 570 956 622 άρετῆς
990 570 1047 617 εἷς
1079 570 1197 625 ἴχνια
1229 571 1350 620 θήσει.

173 642 215 683 et
245 653 402 698 magna
431 653 586 695 pompa
615 639 784 682 adiicit:

352 709 437 752 Ναὶ
471 709 534 760 μά
568 709 635 751 τὸν
666 709 850 765 άμετέρα
881 714 1006 765 ψυχᾷ
1038 710 1280 763 παραδόντα
1311 712 1537 764 τετρακτὺν

351 779 498 831 παγάν
529 778 676 822 άενάου
708 780 880 833 φύσεως.
918 782 1016 823 ἀλλ’
1048 780 1167 834 ἔρχευ
1201 782 1264 824 ἐπ’
1297 781 1408 835 ἔργον

353 851 491 893 θεοῖσιν
524 849 795 901 ἐπευξάμενος
828 851 1010 894 τελέσαι.

233 922 442 965 Tenemus
473 920 691 963 falsarium
718 922 1013 977 manifestum,
1043 923 1116 978 qui
1143 923 1244 965 haee
1271 923 1539 981 Pythagorae
1565 922 1739 966 affinxit.

172 993 249 1036 Est
282 994 395 1035 enim
426 989 663 1043 περιβόητον
685 991 793 1033 illud
814 992 1182 1049 Pythagoreorum
1204 994 1516 1044 iusiurandum,
1546 997 1595 1036 ut
1616 1006 1743 1049 supra

170 1064 382 1107 vidimus:
418 1064 478 1104 Οὐ
511 1061 575 1112 μα
607 1060 674 1103 τόν
707 1061 775 1105 vel

350 1132 435 1175 Ναὶ
470 1132 534 1184 μα
565 1131 631 1174 τὸν
665 1133 846 1188 ἁμετέρᾳ,
878 1138 1004 1188 ψυχᾷ
1037 1133 1273 1186 παραδόντα
1305 1134 1529 1188 τετρακτὺν

351 1201 497 1255 παγὰν
531 1202 661 1245 άενάω
694 1202 835 1257 φύσιος
869 1203 1024 1257 ῥίζωμά
1055 1207 1093 1246 τ’
1126 1204 1306 1257 ἕχοισαν.

229 1275 484 1330 Interposuit
527 1276 639 1316 enim
681 1274 808 1316 homo
849 1276 1036 1330 quisquis
1081 1277 1142 1317 est
1181 1275 1475 1318 iusiurandum
1505 1275 1612 1317 οὐδὲν
1645 1275 1740 1328 πρὸς

172 1344 288 1395 ἔπος,
331 1344 440 1400 quod
483 1344 584 1386 alibi
627 1343 840 1399 aliquanto
881 1344 1034 1387 melius
1073 1346 1201 1387 inseri
1241 1347 1472 1401 potuisset,
1521 1345 1657 1389 veluti
1696 1346 1742 1387 in

171 1415 251 1458 fine
284 1416 501 1459 carminis:

413 1484 549 1527 ἔσσεαι
583 1483 784 1531 άθάνατος
819 1484 901 1532 θεὸς
936 1484 1143 1538 ἄμβροτος
1178 1484 1308 1528 οὐκέτι
1343 1485 1500 1537 θνητός,

411 1557 474 1598 ναὶ
508 1555 571 1607 μοὶ
600 1555 666 1597 τὸν
700 1555 885 1611 ἁμετέρα
912 1560 1038 1611 ψυχᾷ
1071 1557 1155 1599 κτὲ.

230 1628 451 1670 Praeterea
493 1626 689 1669 carminis
733 1630 877 1669 auctor
908 1626 977 1670 vel
1010 1626 1205 1669 collector
1236 1626 1390 1670 Ionicis
1421 1629 1561 1683 inepte
1591 1627 1744 1670 Dorica

170 1700 334 1741 miscet.
402 1697 667 1754 Pythagoras
714 1697 1040 1752 prudentissime
1088 1699 1331 1740 instituerat
1376 1703 1420 1740 ut
1465 1713 1537 1739 succ
1587 1702 1744 1754 quisque

161 1772 299 1824 patria
341 1769 506 1809 (Zialeoto
550 1768 782 1822 loqueretur.
848 1767 1105 1809 lamblichus
1136 1769 1158 1823 ξ
1191 1767 1293 1810 241.
1339 1774 1452 1822 φωνῇ
1485 1770 1658 1821 χρῆσθαι
1692 1776 1742 1823 τῇ

172 1838 342 1894 πατρῴα
386 1839 541 1885 ἓκάςοις
586 1838 881 1890 παρήγγελλον
924 1835 1002 1880 ὅσοι
1045 1842 1120 1880 τῶν
1163 1839 1365 1887 Ἑλλήνων
1397 1840 1616 1890 προσῆλθον
1649 1840 1743 1891 πρὸς

171 1910 242 1958 τὴν
275 1909 475 1951 κοινωνίαν
514 1908 681 1956 ταύτην.
715 1908 761 1949 τὸ
795 1909 878 1961 γαρ
912 1908 1075 1961 ξενίζειν
1107 1909 1169 1963 (id
1201 1912 1264 1950 est
1295 1909 1384 1962 ξένῃ
1415 1908 1613 1963 διαλέκτῳ
1645 1914 1744 1962 χρῆ-

171 1981 280 2037 σθαι)
330 1981 400 2022 οὐκ
447 1978 691 2031 ἐδοκίμαζον.
758 1978 904 2034 Itaque
950 1979 1217 2036 Pythagoras
1258 1980 1370 2035 ipse,
1414 1984 1462 2022 ut
1504 1995 1553 2022 ex
1594 1981 1744 2024 multis

170 2051 337 2094 indiciis
370 2050 610 2107 colligitur,
655 2048 781 2102 ἰάζειν
813 2050 999 2100 solebat,
1035 2051 1067 2091 οἱ
1101 2050 1141 2091 δὲ
1174 2053 1408 2092 Ἰταλιῶται
1443 2064 1586 2093 omnes
1618 2049 1743 2104 ἐδώρι-

173 2121 249 2173 ζον.
314 2121 450 2173 Quam
483 2120 611 2162 stulte
642 2120 743 2162 haec
776 2121 1108 2176 permisceantur
1141 2123 1334 2176 apertum
1368 2124 1443 2163 est.

231 2191 391 2234 Deinde
430 2194 638 2246 poetaster
681 2190 913 2233 clausulam
954 2191 1035 2233 loci
1073 2190 1228 2243 ῥίζωμά
1260 2195 1297 2232 τ’
1330 2190 1496 2243 ἕχοισοιν
1527 2193 1672 2236 omisit
1703 2196 1745 2236 et

171 2263 322 2306 Dorica
364 2260 495 2304 άενάω
535 2261 677 2315 φύσιος
712 2263 900 2304 mutavit
931 2263 976 2303 in
1006 2262 1149 2304 Attica
1179 2261 1326 2304 άενάου
1360 2263 1545 2319 φύσεως,
1578 2267 1627 2306 ut
1658 2278 1745 2308 me-

171 2336 286 2375 trum
319 2335 538 2375 constaret.

230 2471 280 2514 In
310 2470 552 2526 versiculis,
597 2472 669 2527 qui
711 2472 755 2513 in
787 2471 926 2514 Aureo
959 2469 1155 2514 Carmine
1186 2486 1297 2515 nunc
1329 2472 1617 2518 desiderantur
1649 2479 1690 2520 et
1721 2491 1746 2520 a

171 2543 406 2599 Porphyrio
439 2542 594 2585 servati
626 2544 723 2583 sunt
756 2542 778 2596 ξ
812 2540 891 2582 40:

337 2617 484 2666 Πρῶτα
516 2613 590 2663 μὲν
623 2612 666 2660 ἐξ
698 2609 830 2654 ὕπνοιο
862 2612 1103 2665 μελίφρονος
1134 2612 1396 2663 ἐξυπαναςοὶς

343 2682 385 2727 εὖ
418 2682 541 2735 μάλα
572 2681 779 2725 ποιπνύειν
809 2679 870 2724 ὃ’σ’
907 2683 946 2724 ἐν
977 2683 1106 2734 ἤματι
1140 2683 1244 2737 ἔργα
1275 2684 1502 2738 τελέσσεις,

173 2757 391 2811 peccatum
433 2758 496 2796 est
539 2755 728 2809 primum
772 2754 817 2795 in
861 2752 1146 2803 ἐξυπαναςάςτ
1192 2755 1403 2799 Graecum
1446 2761 1508 2800 est
1549 2757 1593 2808 ἐξ
1625 2757 1745 2803 ὕπνου

175 2827 376 2874 άνοιςῆναι
424 2824 493 2867 vel
541 2823 811 2874 ἐξαναςῆναι,
863 2825 934 2866 sed
980 2827 1107 2868 ὝΠΟ
1158 2827 1306 2869 addere
1346 2829 1627 2886 incongruum
1671 2835 1746 2874 est.

175 2896 301 2939 Peius
344 2897 474 2938 etiam
517 2898 578 2938 est
622 2893 829 2937 ποιπνύειν
876 2897 1062 2952 positum
1108 2911 1182 2953 pro
1230 2901 1452 2952 μεριμνᾶν,
1501 2900 1746 2960 φροντίζειν,
