1946 3298
948 131 1032 176 120

205 263 361 302 κτεῖναι
388 258 531 312 κυρίω,
557 258 685 313 ψήφῳ
711 264 786 302 ΔΕ
816 257 1023 311 βασιλέως
1058 256 1347 312 ἐφυλαξάτην,
1380 263 1459 301 ΤΟ
1493 261 1617 300 ΜΕΝ
1645 255 1775 299 αὐτῶν

207 330 246 372 ἕν
287 337 337 385 τῇ
379 330 500 382 κρίσει
543 331 767 386 ςήσαντες,
812 331 867 373 τοὶ
911 329 950 371 δὲ
996 327 1144 382 ἐφεξῆς
1188 335 1238 383 τῇ
1279 329 1481 384 βασιλεία
1515 329 1774 382 τηρήσαντες.

205 400 345 461 Vulgo
376 402 418 445 δέ
450 404 650 446 omissum
686 406 728 445 et
759 402 899 444 editur
931 399 1202 454 ἐφυλαξοὲτην
1234 401 1306 449 τὴν
1341 403 1467 452 τομὴν
1500 402 1641 443 αὐτῶν.

264 544 370 602 Pag.
415 544 484 588 17.
526 545 569 588 2.
616 546 758 590 καινὰς
801 543 866 585 ἐπὶ
900 549 992 591 ταῖς
1025 543 1217 590 εἷωθυίαις
1252 542 1482 592 δεήσΕΟΙΝ
1515 542 1773 595 εὑρίσκοντος.

203 615 328 658 Ratio
361 620 402 658 et
433 616 598 658 dicendi
629 631 730 658 usus
760 613 976 671 postulant
1010 615 1218 665 δεήσΕΙΟ,
1251 615 1362 671 quod
1393 615 1551 657 scribae
1584 614 1635 656 de
1661 626 1777 655 more

204 687 257 730 ad
287 688 477 731 vicinum
507 687 762 731 vocabulum
797 686 1178 729 accommodarunt.

263 828 371 886 Pag.
417 827 488 871 20.
534 826 574 870 1.
619 827 736 870 εἰπὼν
778 824 841 870 οὖν
880 826 1002 875 αὐτὸς
1037 826 1101 868 ἐπὶ
1136 829 1211 868 τῶν
1245 826 1376 868 αὐτῶν
1407 824 1561 876 μένειν,
1596 824 1630 866 εἰ
1663 823 1778 877 παρὰ

203 903 281 942 τῶν
323 902 462 941 ταῦτα
507 899 803 951 ὑπηρετούντων
835 895 965 950 ἕτερόν
996 913 1034 939 τι
1065 897 1219 949 γένοιτο
1253 895 1332 949 ἔφη
1367 896 1435 938 καὶ
1469 896 1558 945 εἴδη
1592 911 1661 938 σου
1695 895 1778 938 κεί-

204 971 358 1013 σεσθαι,
423 969 634 1013 Emenda:
684 970 716 1012 εἱ
766 975 840 1011 ΔΕ
885 969 1001 1021 παρὰ
1045 967 1294 1023 τῶν-ἔφη
1342 966 1439 1011 κᾶΝ
1479 968 1620 1009 ’ΊΔΗΙ
1666 971 1777 1009 OTK

207 1047 477 1085 ΕΙΟΕΟΘΑΙ.
510 1041 588 1096 ἔφη
623 1040 699 1084 κᾶν
732 1041 794 1096 ἴδῃ
826 1041 898 1082 οὐκ
929 1039 1120 1083 εἴσεσθαι.

261 1183 367 1241 Pag.
403 1182 475 1225 30.
516 1181 549 1224 I.
593 1182 631 1223 ἐν
667 1181 707 1224 δὲ
738 1186 818 1228 τοῖς
852 1181 955 1229 ὂςοῖς
988 1182 1142 1229 τούτοις
1175 1181 1320 1224 ἐνεῖναί
1350 1176 1457 1234 Φασι
1490 1179 1558 1222 καὶ
1588 1176 1778 1231 ΤΑξιοέρ-

200 1270 285 1308 χων
318 1255 386 1296 καὶ
421 1257 633 1307 λοχαγῶν.
695 1252 855 1309 Supple
886 1253 954 1295 καὶ
991 1258 1068 1295 ΤΑ
1098 1251 1351 1307 ταξιάρχων.

259 1397 366 1454 Pag.
397 1394 468 1438 31.
505 1394 573 1436 14.
611 1395 686 1437 ubi
718 1395 768 1437 de
799 1393 955 1437 Iuliani
987 1394 1109 1437 caede
1140 1395 1309 1437 scribit:
1342 1394 1359 1436 ὃ
1393 1393 1434 1435 δὲ
1468 1392 1700 1445 προσπεσὼν
1733 1387 1778 1439 ἦν

203 1469 271 1511 καὶ
315 1467 472 1520 τρώσας
515 1465 636 1513 *²¹¹²*st
679 1481 740 1511 τις
785 1467 948 1515 ἐντολὴν
991 1470 1162 1518 πληρῶν
1182 1467 1236 1519 τῷ
1271 1466 1386 1518 σφῶν
1420 1466 1552 1508 αὐτῶν
1584 1461 1778 1516 ἄρχοντι,

200 1540 475 1584 manifestum
508 1541 570 1581 est
602 1536 809 1589 χριςιανός
839 1553 899 1586 τις
933 1536 1035 1580 olim
1067 1537 1273 1593 scriptum
1301 1537 1452 1587 fuisse,
1487 1534 1598 1591 quod
1625 1548 1698 1577 cur
1725 1534 1781 1576 sit

203 1612 477 1655 obliteratum
510 1612 694 1666 apparet.

261 1753 367 1810 Pag.
403 1750 472 1793 43.
507 1750 546 1793 5.
591 1750 692 1792 αὐτὸ
725 1749 763 1791 δὲ
798 1749 949 1806 (τοῦτο)
969 1750 1216 1801 -βεβαιοῒ
1242 1764 1318 1799 μου
1352 1747 1419 1790 τὸν
1451 1747 1572 1798 λόγον
1603 1747 1671 1789 τὸν
1704 1745 1780 1788 ὑπὸ

201 1823 404 1874 δαιμονίου
445 1821 548 1869 τινὸς
592 1822 831 1863 ἐλαύνεσθαι
874 1820 1053 1872 λέγοντα
1092 1823 1163 1869 τὴν
1209 1824 1307 1871 γῆν,
1360 1820 1416 1861 τοὶ
1465 1819 1506 1861 δὲ
1553 1823 1781 1860 τελευταῖα

199 1899 340 1938 ταῦτα
378 1898 460 1940 πῶς
493 1894 534 1935 οὐ
567 1897 711 1943 σαφῶς
744 1893 1190 1947 κακοδαιμονΟΤντων;
1225 1890 1392 1934 Clamat
1425 1891 1631 1932 sententia
1665 1903 1781 1945 repo-

199 1967 386 2010 nendum
429 1979 516 2007 esse
546 1965 965 2015 κακοδαιμονΩνί-ων,
999 1963 1043 2004 id
1077 1967 1138 2005 est
1171 1962 1245 2003 ὑπὸ
1279 1966 1404 2003 κακοῦ
1438 1962 1623 2010 δαίμονος
1659 1961 1780 2002 ἐλαυ-

202 2037 384 2089 νομένων.
446 2036 495 2078 111
538 2038 709 2091 antiqua
752 2033 991 2078 Graecitate
1032 2048 1083 2076 ex
1124 2034 1383 2082 κακοδαίμων
1420 2032 1626 2074 formatur
1659 2047 1782 2073 κακο-

203 2109 400 2159 δαιμονᾶν
431 2111 621 2157 tantum,
656 2108 906 2149 recentiores
934 2104 1143 2147 finxerunt
1170 2105 1348 2147 verbum
1375 2104 1681 2153 κακοδαιμονεῖν
1709 2115 1783 2158 pro

204 2181 400 2231 ἀτυχεῖν,
448 2178 557 2234 quod
598 2178 725 2221 verbo
766 2179 1012 2226 εὐδαιμονεῖν
1054 2176 1336 2231 responderet.
1402 2174 1533 2217 Vetus
1566 2175 1701 2216 forma
1733 2187 1783 2215 ex

200 2266 282 2295 usu
312 2250 458 2306 populi
491 2253 657 2291 exemta
687 2250 731 2290 in
763 2261 886 2291 causa
917 2247 1000 2289 fuit
1031 2250 1080 2288 ut
1111 2247 1271 2288 scribae
1304 2247 1535 2295 noviciam,
1563 2259 1690 2301 quam
1719 2258 1782 2287 so-

201 2323 290 2366 lam
321 2330 543 2371 noverant,
578 2321 881 2362 substituerent
912 2319 1142 2360 sententiae
1174 2318 1323 2359 securi.

263 2393 334 2436 Sic
375 2391 494 2434 nulla
536 2395 598 2433 est
639 2391 870 2440 dubitatio,
904 2390 1007 2444 quin
1034 2388 1338 2430 Demosthenes
1369 2402 1467 2445 pag.
1502 2386 1572 2429 93.
1607 2385 1677 2429 24.
1706 2386 1782 2428 ubi

204 2478 348 2509 omnes
387 2462 488 2505 libri
529 2465 720 2504 servant:
764 2462 807 2510 νὴ
854 2460 957 2510 Δία,
1002 2460 1333 2509 κακοδαιμονοῦσι
1372 2460 1454 2512 γὰρ
1487 2457 1678 2509 ἅνθρωποι
1711 2456 1780 2499 καὶ

202 2534 531 2588 ὑπερβάλλουσιν
573 2533 710 2587 οΞνοία,
754 2532 908 2574 dixerit
951 2531 1294 2581 κακοδαιμονῶσι,
1337 2544 1417 2586 quo
1459 2531 1549 2586 ipso
1598 2543 1649 2571 ex
1690 2528 1781 2571 loco

202 2608 453 2655 Libanium,
488 2605 562 2660 qui
592 2603 919 2646 Demosthenem
950 2603 1120 2645 tenebat
1145 2603 1412 2653 memoriter,
1438 2615 1565 2644 suum
1593 2599 1782 2643 κακοδαι-

202 2679 405 2732 μονώντων
440 2676 638 2719 sumsisse
671 2676 870 2730 suspicor.

262 2749 511 2794 Aretissima
553 2747 747 2804 cognatio
784 2748 846 2788 est
877 2747 919 2787 et
950 2745 1108 2788 formae
1140 2748 1181 2787 et
1213 2743 1532 2801 significationis
1562 2743 1672 2785 inter
1705 2759 1779 2784 κα-

202 2821 443 2873 κοδαιμονῶν
485 2821 527 2861 et
568 2816 748 2874 simplex
785 2816 1004 2868 δαιμονᾶν,
1040 2815 1398 2872 quemadmodum
1429 2816 1538 2858 inter
1567 2816 1704 2868 χολᾶν
1738 2817 1780 2858 et

199 2892 497 2950 μελαγχολᾶν.
