1946 3298
960 177 1016 221 86

205 301 265 350 ἔςι
298 303 355 347 τοὶ
386 302 546 355 μέγιςα
577 301 645 344 καὶ
679 301 784 353 μόνα
816 304 990 353 σπουδῆς
1022 303 1121 354 ἀξια
1153 303 1222 346 καὶ
1255 301 1348 345 τότε
1381 300 1476 344 ὄντα
1509 302 1577 345 καὶ
1610 305 1677 345 νῦν
1711 301 1778 345 καὶ

206 376 269 418 ἀεὶ
315 374 503 425 ἐσόμενα.
549 372 597 416 ὧν
640 375 708 416 οὐκ
753 375 840 427 ἔχει
884 375 1073 422 δήπουθέν
1115 391 1175 421 τις
1216 374 1397 424 ἐξουσίαν
1438 374 1521 416 οὔτ’
1554 373 1669 427 ἄλλῳ
1701 390 1781 416 πα-

206 452 378 500 ρασχεῖν
411 446 494 488 οὔτ’
527 445 755 498 ἀφελέσθαι
794 446 998 500 [δύναται]
1035 445 1101 486 τὸν
1135 445 1401 494 κτησάμενον.
1465 443 1547 486 Sed
1574 446 1782 486 eximium

205 518 318 560 hunc
348 517 489 560 locum
520 515 687 558 macula
717 516 922 570 deturpat.
973 515 1067 571 Ipsa
1092 516 1318 558 verborum
1350 515 1596 569 compositio
1623 516 1783 570 respuit

207 589 542 631 additamentum
575 587 771 635 δύναται,
805 585 927 641 plane
958 586 1073 627 idem
1105 585 1344 641 significans
1377 590 1501 640 atque
1537 585 1784 640 praecedens

208 657 296 711 ἔχει
344 658 540 709 ἐξουσίαν.
618 656 776 712 Relege
822 655 963 697 locum
1005 660 1212 711 expuncto
1255 655 1508 698 emblemate
1549 661 1590 697 et
1632 656 1785 697 senties

209 734 364 785 quanto
396 728 549 771 melius
581 731 621 770 et
654 729 789 769 acrius
821 728 879 768 sic
910 726 1025 768 idem
1057 726 1233 768 dicatur.

270 869 385 921 Quae
425 869 624 926 leguntur
665 867 784 909 Tem.
829 866 882 907 II.
925 880 1023 924 pag.
1067 865 1136 907 61.
1174 864 1304 917 ὥσπερ
1340 864 1375 906 εἴ
1406 881 1466 912 τις
1499 865 1566 907 τὸν
1599 865 1784 916 μουσικόν

209 941 294 982 κτέ.
335 940 596 982 mendosiora
638 942 734 980 sunt
777 951 904 992 quam
949 941 998 978 ut
1043 938 1249 993 corrigere
1290 938 1470 991 possim:
1510 936 1587 978 hoc
1619 940 1787 978 tantum

209 1011 331 1053 Video
373 1012 417 1052 in
458 1010 618 1051 ἀνιέντα
661 1013 736 1050 τῶν
779 1006 977 1058 Φθόγγων
1020 1008 1132 1054 τινὰς
1166 1007 1233 1048 καὶ
1269 1007 1396 1048 πάλιν
1431 1006 1582 1058 ἑτέρους
1616 1007 1788 1049 ’ΘΝτεί-

211 1097 328 1123 νοντα
371 1096 421 1123 ex
464 1085 574 1122 certo
607 1078 860 1122 Graecitatis
892 1093 972 1120 usu
1004 1079 1297 1120 ἘΠΙτείνοντα
1331 1091 1418 1120 esse
1450 1078 1784 1129 restituendum,

213 1155 255 1194 et
285 1153 330 1193 in
362 1153 415 1193 iis
448 1165 552 1206 quae
585 1151 781 1192 continuo
814 1153 1068 1204 sequuntur:
1105 1150 1146 1191 αἱ
1180 1149 1253 1199 μὲν
1281 1149 1445 1200 πονηραὶ
1479 1148 1648 1191 σπουδαὶ
1677 1151 1788 1198 μᾶλ-

211 1222 279 1264 λόν
312 1223 387 1264 εἶσι
419 1226 488 1263 τοῦ
522 1223 783 1273 προσήκοντος
817 1220 1083 1271 ἐντεταμέναι
1110 1245 1164 1251 --
1193 1221 1234 1261 αἱ
1271 1221 1308 1262 δὲ
1344 1220 1439 1271 ὑπὲρ
1471 1224 1548 1261 τῶν
1580 1220 1787 1263 καλλίςων

210 1291 309 1339 ὅλως
341 1293 606 1334 ἐκλὙΟΝται
639 1306 712 1347 pro
747 1292 956 1333 ἐκλύονται
986 1291 1295 1333 emendandum
1323 1292 1648 1342 ἐκλΕΛΤΝται,
1679 1290 1789 1345 quod

211 1363 281 1406 vel
313 1364 505 1405 additum
538 1360 636 1408 ἔλως
671 1364 952 1404 necessarium
985 1376 1072 1403 esse
1104 1362 1376 1404 demonstrat.

272 1435 323 1476 In
365 1436 563 1476 orationis
607 1434 725 1475 exitu
755 1434 788 1474 οἱ
822 1433 860 1473 ἐν
893 1438 985 1479 ταῖς
1019 1434 1225 1493 γαλήναις
1259 1432 1542 1484 μακρότερΟΝ
1577 1430 1787 1484 νηχόμενοι

212 1506 290 1548 alit
316 1507 488 1548 vitium.
551 1503 718 1546 Dicitur
751 1509 850 1552 νεῖν,
884 1505 1080 1556 νήχεσθαι
1112 1509 1329 1554 μακρΑΝ;
1365 1517 1464 1561 ergo
1508 1502 1788 1556 μακροτέρΛΝ

213 1590 312 1618 vera
342 1576 467 1618 lectio
501 1579 574 1617 est.
611 1575 696 1617 vid.
741 1574 834 1616 Var.
867 1575 991 1617 lectt.
1025 1588 1121 1631 pag.
1159 1573 1260 1617 600.

272 1717 413 1760 Inanis
446 1722 487 1759 et
518 1716 621 1759 falsa
653 1718 924 1772 oppositionis
957 1717 1113 1771 species
1145 1720 1207 1758 est
1239 1715 1360 1758 Tem.
1395 1716 1448 1758 II.
1482 1730 1578 1774 pag.
1609 1716 1678 1758 62.
1710 1717 1787 1768 ἐγὼ

213 1790 288 1837 μὲν
330 1788 411 1840 γὰρ
454 1789 593 1834 ἀπλῶς
640 1787 811 1839 πέφυκα
854 1787 919 1829 καὶ
965 1787 1135 1839 φαύλως
1178 1787 1443 1838 διαλέγεσθαι
1470 1812 1544 1837 -,
1590 1788 1704 1837 ὑμεῖς
1748 1787 1789 1829 δὲ

216 1861 467 1908 θαυμαςΩΟ
509 1859 576 1900 καὶ
623 1864 848 1909 περιττΩΟ
892 1859 1124 1908 ἐπιθυμεῖτε
1162 1859 1340 1907 ἀκούειν,
1383 1858 1612 1901 ridiculum
1654 1862 1716 1900 est
1749 1861 1791 1900 et

215 1930 445 1972 absurdum
501 1931 718 1979 θανμαςῶς
775 1928 955 1980 ἀκούειν,
1006 1934 1048 1971 at
1096 1933 1144 1971 tu
1193 1930 1368 1972 emenda
1413 1930 1672 1980 θαυμαςΩΝ
1721 1929 1788 1970 καὶ

216 2005 452 2054 περιττΩΝ
486 2000 657 2042 ἀκούειν.

276 2141 325 2183 In
364 2142 515 2183 vicinis
557 2139 772 2182 inficetum
811 2140 929 2183 scioli
966 2141 1175 2183 emblema
1206 2155 1280 2183 nos
1311 2140 1498 2198 legentes
1529 2140 1790 2183 ludificatur:

219 2212 327 2255 οὐδὲν
373 2212 519 2264 ὄφελος
564 2215 632 2252 τοῦ
681 2214 831 2262 κομαῖν,
880 2213 1041 2267 inquit,
1091 2210 1235 2266 [ὥσπερ
1279 2213 1347 2254 οὐκ
1392 2211 1467 2267 ἔςι]
1517 2212 1598 2254 οὐδ’
1642 2212 1690 2254 ἂν
1720 2214 1792 2261 τὴν

220 2283 384 2336 καρδίαν
418 2284 544 2331 αὐτὴν
575 2281 770 2331 γένωνται
803 2283 940 2328 δασεῖς
973 2282 1155 2334 καθάπερ
1184 2282 1443 2333 Ἀριςομένην
1473 2282 1538 2323 τὸν
1566 2282 1793 2331 Μεσσήνιόν

219 2359 365 2406 Φασιν.
441 2352 665 2407 Emperius
722 2353 877 2395 delevit
925 2352 1054 2405 ὥσπερ
1103 2355 1172 2395 οὐκ
1221 2353 1293 2397 ἔςι.
1370 2353 1634 2395 Rectissime.
1713 2352 1795 2395 Sed

222 2425 367 2467 eadem
409 2437 531 2478 opera
567 2436 804 2478 expungere
838 2423 1014 2466 debebat
1045 2425 1243 2479 putidum
1276 2423 1487 2481 glossema
1520 2425 1629 2480 quod
1661 2426 1795 2480 sequi-

221 2501 313 2537 tur:
350 2492 405 2549 [ὃς
440 2498 594 2536 πλεῖς-α
627 2494 962 2542 Λακεδαιμονίοις
995 2495 1234 2546 πράγματα
1269 2495 1456 2548 παρέσχε
1490 2495 1558 2536 καὶ
1593 2495 1794 2542 πολλάκις

223 2566 346 2612 ἀλοὺς
403 2564 558 2615 ἀπέδρα
616 2565 710 2615 παρ’
767 2565 914 2606 αὐτῶν.
963 2568 1100 2607 τοῦτον
1144 2567 1382 2614 ἐπειδήποτε
1431 2567 1630 2607 ἀπέθανεν
1673 2564 1795 2612 οὕτως

226 2636 376 2688 ἔχοντα
422 2635 655 2688 εὑρεθῆναι]
714 2633 813 2676 Sero
855 2639 978 2676 natus
1010 2634 1263 2690 Graeculus,
1296 2638 1369 2692 qui
1398 2636 1500 2678 haec
1532 2636 1635 2678 olim
1668 2649 1795 2678 anno·

225 2707 354 2756 tavit,
396 2705 594 2759 loquendi
635 2706 752 2746 vitiis
793 2707 999 2761 arguitur.
1066 2706 1145 2748 Dio
1186 2711 1235 2748 ut
1265 2711 1426 2749 veteres
1458 2720 1601 2748 omnes
1634 2707 1798 2749 dicebat

223 2776 448 2829 ἀποδράναί
489 2791 606 2825 τινα,
651 2776 667 2817 ὂ
713 2781 811 2821 παῖς
855 2792 907 2825 με
939 2777 1121 2827 ἀπέδρα,
1157 2781 1200 2819 at
1232 2780 1311 2819 iste
1343 2777 1499 2827 ἀπέδρα
1532 2776 1629 2828 παρ’
1665 2779 1797 2820 αὐτῶν

225 2850 331 2892 dixit
361 2851 409 2889 ut
440 2849 482 2888 in
517 2844 691 2889 Graecia
723 2846 933 2901 decrepita
965 2847 1165 2890 solebant.
1231 2846 1400 2889 Bellum
1434 2853 1496 2890 est
1528 2850 1658 2890 etiam
1693 2847 1796 2890 ἐπει-

222 2920 427 2972 δήΠΟΤΕ
463 2918 675 2959 ἀπέθανεν.
