<?xml version="1.0" encoding="UTF-8"?>
<!DOCTYPE html PUBLIC "-//W3C//DTD XHTML 1.0 Transitional//EN"
    "http://www.w3.org/TR/xhtml1/DTD/xhtml1-transitional.dtd">
<html xmlns="http://www.w3.org/1999/xhtml" xml:lang="en" lang="en">
 <head>
  <title>
</title>
<meta http-equiv="Content-Type" content="text/html;charset=utf-8" />
  <meta name='ocr-system' content='tesseract 3.04.00' />
  <meta name='ocr-capabilities' content='ocr_page ocr_carea ocr_par ocr_line ocrx_word'/>
</head>
<body>
  <div class='ocr_page' id='page_1' title='image "./collectaneacriti00cobeuoft_0568.png"; bbox 0 0 1946 3298; ppageno 0'>
   <div class='ocr_carea' id='block_1_1' title="bbox 886 118 971 161">
    <p class='ocr_par' dir='ltr' id='par_1_1' title="bbox 886 118 971 161">
     <span class='ocr_line' id='line_1_1' title="bbox 886 118 971 161; baseline -0.024 0"><span class='ocrx_word' id='word_1_1' title='bbox 886 118 971 161; x_wconf 82' lang='lat'><em>550</em></span> 
     </span>
    </p>
   </div>
   <div class='ocr_carea' id='block_1_2' title="bbox 133 240 1772 1572">
    <p class='ocr_par' dir='ltr' id='par_1_2' title="bbox 133 240 1772 1572">
     <span class='ocr_line' id='line_1_2' title="bbox 138 240 1717 299; baseline -0.004 -11"><span class='ocrx_word' id='word_1_2' title='bbox 138 246 322 288; x_wconf 88' lang='lat' dir='ltr'><em>dendum</em></span> <span class='ocrx_word' id='word_1_3' title='bbox 356 245 418 287; x_wconf 89' lang='lat' dir='ltr'><em>M.</em></span> <span class='ocrx_word' id='word_1_4' title='bbox 451 244 630 286; x_wconf 81' lang='lat' dir='ltr'><em>Fulvius</em></span> <span class='ocrx_word' id='word_1_5' title='bbox 663 243 839 285; x_wconf 79' lang='lat' dir='ltr'>Flaccus</span> <span class='ocrx_word' id='word_1_6' title='bbox 872 248 914 285; x_wconf 88' lang='lat' dir='ltr'><em>et</em></span> <span class='ocrx_word' id='word_1_7' title='bbox 946 245 993 286; x_wconf 95' lang='lat' dir='ltr'><em>C.</em></span> <span class='ocrx_word' id='word_1_8' title='bbox 1029 244 1226 299; x_wconf 81' lang='lat' dir='ltr'>Papirius</span> <span class='ocrx_word' id='word_1_9' title='bbox 1259 243 1408 285; x_wconf 85' lang='lat' dir='ltr'>Carbo.</span> <span class='ocrx_word' id='word_1_10' title='bbox 1479 242 1573 284; x_wconf 88' lang='lat' dir='ltr'><strong>Liv.</strong></span> <span class='ocrx_word' id='word_1_11' title='bbox 1607 240 1717 295; x_wconf 71' lang='lat' dir='ltr'><em>Epit.</em></span> 
     </span>
     <span class='ocr_line' id='line_1_3' title="bbox 142 314 1720 366; baseline -0.003 -8"><span class='ocrx_word' id='word_1_12' title='bbox 142 315 212 358; x_wconf 78' lang='lat'><strong>59.</strong></span> <span class='ocrx_word' id='word_1_13' title='bbox 256 316 498 366; x_wconf 74' lang='lat' dir='ltr'><em>„seditiones</em></span> <span class='ocrx_word' id='word_1_14' title='bbox 539 331 563 355; x_wconf 87' lang='lat' dir='ltr'><em>a</em></span> <span class='ocrx_word' id='word_1_15' title='bbox 608 314 830 356; x_wconf 79' lang='lat' dir='ltr'><em>triumviris</em></span> <span class='ocrx_word' id='word_1_16' title='bbox 873 315 935 356; x_wconf 88' lang='lat' dir='ltr'><em>M.</em></span> <span class='ocrx_word' id='word_1_17' title='bbox 968 314 1111 356; x_wconf 79' lang='lat' dir='ltr'><em>Fulvio</em></span> <span class='ocrx_word' id='word_1_18' title='bbox 1148 314 1286 355; x_wconf 86' lang='lat' dir='ltr'><em>Flacco</em></span> <span class='ocrx_word' id='word_1_19' title='bbox 1320 319 1355 355; x_wconf 89' lang='lat' dir='ltr'><em>et</em></span> <span class='ocrx_word' id='word_1_20' title='bbox 1393 314 1431 355; x_wconf 88' lang='lat' dir='ltr'><em>C.</em></span> <span class='ocrx_word' id='word_1_21' title='bbox 1469 314 1642 356; x_wconf 71' lang='lat' dir='ltr'><em>Gra-celio</em></span> <span class='ocrx_word' id='word_1_22' title='bbox 1685 318 1720 354; x_wconf 85' lang='lat' dir='ltr'><em>ct</em></span> 
     </span>
     <span class='ocr_line' id='line_1_4' title="bbox 145 384 1720 441; baseline -0.001 -14"><span class='ocrx_word' id='word_1_23' title='bbox 145 390 185 427; x_wconf 82' lang='lat'><strong>0.</strong></span> <span class='ocrx_word' id='word_1_24' title='bbox 233 387 399 441; x_wconf 81' lang='lat' dir='ltr'><em>Papirio</em></span> <span class='ocrx_word' id='word_1_25' title='bbox 446 387 616 427; x_wconf 73' lang='lat' dir='ltr'><em>Carbone</em></span> <span class='ocrx_word' id='word_1_26' title='bbox 656 400 750 438; x_wconf 72' lang='lat' dir='ltr'><em>ayro</em></span> <span class='ocrx_word' id='word_1_27' title='bbox 791 385 1001 426; x_wconf 77' lang='lat' dir='ltr'><em>dividendo</em></span> <span class='ocrx_word' id='word_1_28' title='bbox 1044 385 1188 426; x_wconf 78' lang='lat' dir='ltr'><em>creatis</em></span> <span class='ocrx_word' id='word_1_29' title='bbox 1219 384 1446 425; x_wconf 67' lang='lat' dir='ltr'><em>eaeeitatae.”</em></span> <span class='ocrx_word' id='word_1_30' title='bbox 1478 389 1519 426; x_wconf 89' lang='lat' dir='ltr'><em>et</em></span> <span class='ocrx_word' id='word_1_31' title='bbox 1551 385 1720 426; x_wconf 79' lang='lat' dir='ltr'><em>Plutar-</em></span> 
     </span>
     <span class='ocr_line' id='line_1_5' title="bbox 141 451 1721 512; baseline -0.001 -15"><span class='ocrx_word' id='word_1_32' title='bbox 141 457 244 498; x_wconf 86' lang='lat' dir='ltr'><em>chus</em></span> <span class='ocrx_word' id='word_1_33' title='bbox 285 459 375 512; x_wconf 87' lang='lat' dir='ltr'><em>ipse</em></span> <span class='ocrx_word' id='word_1_34' title='bbox 419 459 463 498; x_wconf 87' lang='lat' dir='ltr'><em>in</em></span> <span class='ocrx_word' id='word_1_35' title='bbox 513 453 558 497; x_wconf 83' lang='lat' dir='ltr'><em>C.</em></span> <span class='ocrx_word' id='word_1_36' title='bbox 608 456 781 496; x_wconf 67' lang='lat' dir='ltr'><em>Graccho</em></span> <span class='ocrx_word' id='word_1_37' title='bbox 829 456 898 497; x_wconf 86' lang='lat'><strong>10.</strong></span> <span class='ocrx_word' id='word_1_38' title='bbox 936 456 1005 498; x_wconf 87' lang='grc'><em>11.</em></span> <span class='ocrx_word' id='word_1_39' title='bbox 1043 456 1242 506; x_wconf 78' lang='grc' dir='ltr'><em>Φούλβιος</em></span> <span class='ocrx_word' id='word_1_40' title='bbox 1275 452 1387 501; x_wconf 72' lang='grc' dir='ltr'><em>οὗτος</em></span> <span class='ocrx_word' id='word_1_41' title='bbox 1422 451 1465 501; x_wconf 78' lang='grc' dir='ltr'><em>ἦν</em></span> <span class='ocrx_word' id='word_1_42' title='bbox 1497 458 1566 496; x_wconf 77' lang='grc' dir='ltr'><em>τοῦ</em></span> <span class='ocrx_word' id='word_1_43' title='bbox 1600 455 1721 497; x_wconf 80' lang='grc' dir='ltr'><em>Γοεΐου</em></span> 
     </span>
     <span class='ocr_line' id='line_1_6' title="bbox 139 523 1722 580; baseline -0.001 -12"><span class='ocrx_word' id='word_1_44' title='bbox 139 528 265 580; x_wconf 82' lang='grc' dir='ltr'><em>φίλος</em></span> <span class='ocrx_word' id='word_1_45' title='bbox 309 527 376 568; x_wconf 67' lang='lat' dir='ltr'><em>xx}</em></span> <span class='ocrx_word' id='word_1_46' title='bbox 412 526 622 578; x_wconf 63' lang='grc' dir='ltr'><em>συνάρχων</em></span> <span class='ocrx_word' id='word_1_47' title='bbox 656 526 720 567; x_wconf 79' lang='grc' dir='ltr'><em>ἐπὶ</em></span> <span class='ocrx_word' id='word_1_48' title='bbox 756 528 826 573; x_wconf 77' lang='grc' dir='ltr'><em>την</em></span> <span class='ocrx_word' id='word_1_49' title='bbox 861 526 1049 575; x_wconf 74' lang='grc' dir='ltr'><em>δικνομην</em></span> <span class='ocrx_word' id='word_1_50' title='bbox 1081 531 1154 573; x_wconf 77' lang='grc' dir='ltr'><em>τῆς</em></span> <span class='ocrx_word' id='word_1_51' title='bbox 1185 528 1322 577; x_wconf 78' lang='grc' dir='ltr'><em>χώροις</em></span> <span class='ocrx_word' id='word_1_52' title='bbox 1359 526 1561 578; x_wconf 72' lang='grc' dir='ltr'><em>ᾑρημένος.</em></span> <span class='ocrx_word' id='word_1_53' title='bbox 1625 523 1722 566; x_wconf 84' lang='lat' dir='ltr'><em>Vel-</em></span> 
     </span>
     <span class='ocr_line' id='line_1_7' title="bbox 143 595 1729 651; baseline -0.002 -13"><span class='ocrx_word' id='word_1_54' title='bbox 143 596 251 639; x_wconf 87' lang='lat' dir='ltr'><em>leius</em></span> <span class='ocrx_word' id='word_1_55' title='bbox 290 596 540 639; x_wconf 82' lang='lat' dir='ltr'><em>Paterculus</em></span> <span class='ocrx_word' id='word_1_56' title='bbox 582 596 638 638; x_wconf 92' lang='lat' dir='ltr'><strong>II.</strong></span> <span class='ocrx_word' id='word_1_57' title='bbox 686 596 725 638; x_wconf 88' lang='lat'><em>6.</em></span> <span class='ocrx_word' id='word_1_58' title='bbox 770 611 904 638; x_wconf 89' lang='lat' dir='ltr'><em>unum</em></span> <span class='ocrx_word' id='word_1_59' title='bbox 948 602 1116 639; x_wconf 89' lang='lat' dir='ltr'><em>tantum</em></span> <span class='ocrx_word' id='word_1_60' title='bbox 1154 599 1368 639; x_wconf 87' lang='lat' dir='ltr'><em>nominat:</em></span> <span class='ocrx_word' id='word_1_61' title='bbox 1420 597 1498 647; x_wconf 76' lang='lat' dir='ltr'><em>„L</em></span> <span class='ocrx_word' id='word_1_62' title='bbox 1552 595 1729 651; x_wconf 77' lang='lat' dir='ltr'><em>Opimius</em></span> 
     </span>
     <span class='ocr_line' id='line_1_8' title="bbox 145 665 1728 723; baseline -0.002 -14"><span class='ocrx_word' id='word_1_63' title='bbox 145 669 283 710; x_wconf 76' lang='lat' dir='ltr'><em>consul</em></span> <span class='ocrx_word' id='word_1_64' title='bbox 309 693 362 700; x_wconf 88' lang='lat'><em>—-</em></span> <span class='ocrx_word' id='word_1_65' title='bbox 388 668 573 708; x_wconf 77' lang='lat' dir='ltr'><em>Fulvium</em></span> <span class='ocrx_word' id='word_1_66' title='bbox 604 668 789 709; x_wconf 80' lang='lat' dir='ltr'><em>Flaccum</em></span> <span class='ocrx_word' id='word_1_67' title='bbox 818 693 900 723; x_wconf 85' lang='lat'><em>—,</em></span> <span class='ocrx_word' id='word_1_68' title='bbox 928 683 1035 723; x_wconf 80' lang='lat' dir='ltr'><em>quem</em></span> <span class='ocrx_word' id='word_1_69' title='bbox 1068 669 1105 709; x_wconf 86' lang='lat' dir='ltr'><em>C.</em></span> <span class='ocrx_word' id='word_1_70' title='bbox 1142 669 1340 709; x_wconf 69' lang='lat' dir='ltr'><em>Gracchus</em></span> <span class='ocrx_word' id='word_1_71' title='bbox 1366 668 1407 708; x_wconf 77' lang='lat' dir='ltr'><em>in</em></span> <span class='ocrx_word' id='word_1_72' title='bbox 1436 669 1559 709; x_wconf 76' lang='lat' dir='ltr'><em>locum</em></span> <span class='ocrx_word' id='word_1_73' title='bbox 1579 665 1728 707; x_wconf 80' lang='lat' dir='ltr'><em>Tiberii</em></span> 
     </span>
     <span class='ocr_line' id='line_1_9' title="bbox 133 738 1725 793; baseline 0 -15"><span class='ocrx_word' id='word_1_74' title='bbox 133 738 294 793; x_wconf 79' lang='lat' dir='ltr'><em>fratris</em></span> <span class='ocrx_word' id='word_1_75' title='bbox 335 738 422 779; x_wconf 88' lang='lat' dir='ltr'><em>III</em></span> <span class='ocrx_word' id='word_1_76' title='bbox 454 741 580 779; x_wconf 80' lang='lat' dir='ltr'><em>virum</em></span> <span class='ocrx_word' id='word_1_77' title='bbox 621 739 860 779; x_wconf 73' lang='lat' dir='ltr'><em>nominatum</em></span> <span class='ocrx_word' id='word_1_78' title='bbox 893 740 1035 780; x_wconf 75' lang='lat' dir='ltr'><em>socium</em></span> <span class='ocrx_word' id='word_1_79' title='bbox 1066 739 1210 793; x_wconf 72' lang='lat' dir='ltr'><em>reyalis</em></span> <span class='ocrx_word' id='word_1_80' title='bbox 1242 744 1477 780; x_wconf 74' lang='lat' dir='ltr'><em>assumserat</em></span> <span class='ocrx_word' id='word_1_81' title='bbox 1499 738 1725 793; x_wconf 76' lang='lat' dir='ltr'><em>potentiae,</em></span> 
     </span>
     <span class='ocr_line' id='line_1_10' title="bbox 145 807 1726 864; baseline -0.001 -13"><span class='ocrx_word' id='word_1_82' title='bbox 145 815 265 851; x_wconf 86' lang='lat' dir='ltr'><em>morte</em></span> <span class='ocrx_word' id='word_1_83' title='bbox 293 807 452 863; x_wconf 82' lang='lat' dir='ltr'><em>afficit.&#39;’</em></span> <span class='ocrx_word' id='word_1_84' title='bbox 499 808 649 863; x_wconf 86' lang='lat' dir='ltr'><em>Itaque</em></span> <span class='ocrx_word' id='word_1_85' title='bbox 683 808 729 850; x_wconf 95' lang='lat' dir='ltr'><em>C.</em></span> <span class='ocrx_word' id='word_1_86' title='bbox 757 808 954 864; x_wconf 80' lang='lat' dir='ltr'><em>Papirius</em></span> <span class='ocrx_word' id='word_1_87' title='bbox 981 808 1116 851; x_wconf 84' lang='lat' dir='ltr'>Carbo</span> <span class='ocrx_word' id='word_1_88' title='bbox 1143 811 1188 851; x_wconf 91' lang='lat' dir='ltr'><em>in</em></span> <span class='ocrx_word' id='word_1_89' title='bbox 1221 809 1270 850; x_wconf 92' lang='lat' dir='ltr'><em>P.</em></span> <span class='ocrx_word' id='word_1_90' title='bbox 1301 809 1441 851; x_wconf 82' lang='lat' dir='ltr'><em>Crassi</em></span> <span class='ocrx_word' id='word_1_91' title='bbox 1471 808 1610 851; x_wconf 83' lang='lat' dir='ltr'><em>locum</em></span> <span class='ocrx_word' id='word_1_92' title='bbox 1642 807 1726 850; x_wconf 85' lang='lat' dir='ltr'><em>suf-</em></span> 
     </span>
     <span class='ocr_line' id='line_1_11' title="bbox 144 879 1728 936; baseline -0.003 -13"><span class='ocrx_word' id='word_1_93' title='bbox 144 882 278 923; x_wconf 81' lang='lat' dir='ltr'><em>fectus</em></span> <span class='ocrx_word' id='word_1_94' title='bbox 312 884 386 922; x_wconf 88' lang='lat' dir='ltr'><em>est.</em></span> <span class='ocrx_word' id='word_1_95' title='bbox 446 879 507 920; x_wconf 90' lang='lat' dir='ltr'><em>Hi</em></span> <span class='ocrx_word' id='word_1_96' title='bbox 540 883 637 921; x_wconf 91' lang='lat' dir='ltr'><em>sunt</em></span> <span class='ocrx_word' id='word_1_97' title='bbox 669 880 806 936; x_wconf 83' lang='lat' dir='ltr'><em>igitur</em></span> <span class='ocrx_word' id='word_1_98' title='bbox 840 880 1154 930; x_wconf 73' lang='lat' dir='ltr'><em>„seditiosissimi</em></span> <span class='ocrx_word' id='word_1_99' title='bbox 1187 879 1408 922; x_wconf 79' lang='lat' dir='ltr'><em>triumviri”</em></span> <span class='ocrx_word' id='word_1_100' title='bbox 1441 881 1513 935; x_wconf 89' lang='lat' dir='ltr'><em>qui</em></span> <span class='ocrx_word' id='word_1_101' title='bbox 1547 879 1728 931; x_wconf 79' lang='lat' dir='ltr'><em>„aliquid</em></span> 
     </span>
     <span class='ocr_line' id='line_1_12' title="bbox 147 949 1726 1008; baseline -0.002 -15"><span class='ocrx_word' id='word_1_102' title='bbox 147 952 321 1008; x_wconf 79' lang='lat' dir='ltr'><em>quotidie</em></span> <span class='ocrx_word' id='word_1_103' title='bbox 361 950 453 991; x_wconf 70' lang='lat' dir='ltr'><em>novi</em></span> <span class='ocrx_word' id='word_1_104' title='bbox 490 950 643 991; x_wconf 80' lang='lat' dir='ltr'><em>moliri’&#39;</em></span> <span class='ocrx_word' id='word_1_105' title='bbox 689 950 886 992; x_wconf 87' lang='lat' dir='ltr'><em>dicuntur</em></span> <span class='ocrx_word' id='word_1_106' title='bbox 928 951 1041 1006; x_wconf 86' lang='lat' dir='ltr'><em>apud</em></span> <span class='ocrx_word' id='word_1_107' title='bbox 1074 950 1160 992; x_wconf 85' lang='lat' dir='ltr'><em>Cic.</em></span> <span class='ocrx_word' id='word_1_108' title='bbox 1195 951 1243 991; x_wconf 89' lang='lat' dir='ltr'><em>de</em></span> <span class='ocrx_word' id='word_1_109' title='bbox 1275 951 1375 1004; x_wconf 74' lang='lat' dir='ltr'><em>Rep.</em></span> <span class='ocrx_word' id='word_1_110' title='bbox 1409 949 1442 991; x_wconf 92' lang='lat' dir='ltr'><strong>I.</strong></span> <span class='ocrx_word' id='word_1_111' title='bbox 1482 949 1552 991; x_wconf 70' lang='lat'><em>19.</em></span> <span class='ocrx_word' id='word_1_112' title='bbox 1587 949 1632 991; x_wconf 92' lang='lat' dir='ltr'><em>id</em></span> <span class='ocrx_word' id='word_1_113' title='bbox 1665 952 1726 990; x_wconf 89' lang='lat' dir='ltr'><em>est</em></span> 
     </span>
     <span class='ocr_line' id='line_1_13' title="bbox 149 1021 1728 1076; baseline -0.003 -11"><span class='ocrx_word' id='word_1_114' title='bbox 149 1037 254 1066; x_wconf 86' lang='lat' dir='ltr'><em>anno</em></span> <span class='ocrx_word' id='word_1_115' title='bbox 302 1021 397 1064; x_wconf 73' lang='lat'><strong>129.</strong></span> <span class='ocrx_word' id='word_1_116' title='bbox 462 1021 518 1062; x_wconf 89' lang='lat' dir='ltr'><em>Et</em></span> <span class='ocrx_word' id='word_1_117' title='bbox 561 1021 696 1063; x_wconf 81' lang='lat' dir='ltr'><em>Carbo</em></span> <span class='ocrx_word' id='word_1_118' title='bbox 740 1021 911 1076; x_wconf 86' lang='lat' dir='ltr'><em>quidem</em></span> <span class='ocrx_word' id='word_1_119' title='bbox 953 1023 1162 1063; x_wconf 87' lang='lat' dir='ltr'><em>incertum</em></span> <span class='ocrx_word' id='word_1_120' title='bbox 1208 1036 1289 1076; x_wconf 89' lang='lat' dir='ltr'><em>qua</em></span> <span class='ocrx_word' id='word_1_121' title='bbox 1332 1021 1382 1063; x_wconf 89' lang='lat' dir='ltr'><em>de</em></span> <span class='ocrx_word' id='word_1_122' title='bbox 1425 1034 1549 1062; x_wconf 83' lang='lat' dir='ltr'><em>causa</em></span> <span class='ocrx_word' id='word_1_123' title='bbox 1589 1023 1728 1076; x_wconf 87' lang='lat' dir='ltr'><em>partes</em></span> 
     </span>
     <span class='ocr_line' id='line_1_14' title="bbox 149 1091 1728 1147; baseline -0.002 -11"><span class='ocrx_word' id='word_1_124' title='bbox 149 1095 333 1137; x_wconf 85' lang='lat' dir='ltr'><em>deseruit</em></span> <span class='ocrx_word' id='word_1_125' title='bbox 368 1096 410 1134; x_wconf 90' lang='lat' dir='ltr'><em>et</em></span> <span class='ocrx_word' id='word_1_126' title='bbox 443 1092 495 1133; x_wconf 87' lang='lat' dir='ltr'><em>ad</em></span> <span class='ocrx_word' id='word_1_127' title='bbox 525 1092 746 1133; x_wconf 83' lang='lat' dir='ltr'><em>adversam</em></span> <span class='ocrx_word' id='word_1_128' title='bbox 778 1091 1005 1133; x_wconf 82' lang='lat' dir='ltr'><em>factionem</em></span> <span class='ocrx_word' id='word_1_129' title='bbox 1034 1094 1225 1141; x_wconf 85' lang='lat' dir='ltr'><em>transiit,</em></span> <span class='ocrx_word' id='word_1_130' title='bbox 1259 1092 1370 1147; x_wconf 91' lang='lat' dir='ltr'><em>quod</em></span> <span class='ocrx_word' id='word_1_131' title='bbox 1411 1091 1499 1133; x_wconf 87' lang='lat' dir='ltr'><em>illis</em></span> <span class='ocrx_word' id='word_1_132' title='bbox 1529 1093 1728 1146; x_wconf 86' lang='lat' dir='ltr'><em>tempori-</em></span> 
     </span>
     <span class='ocr_line' id='line_1_15' title="bbox 150 1160 1730 1219; baseline -0.002 -12"><span class='ocrx_word' id='word_1_133' title='bbox 150 1166 230 1207; x_wconf 85' lang='lat' dir='ltr'><em>bus</em></span> <span class='ocrx_word' id='word_1_134' title='bbox 257 1161 495 1219; x_wconf 87' lang='lat' dir='ltr'><em>appellatur</em></span> <span class='ocrx_word' id='word_1_135' title='bbox 523 1163 603 1212; x_wconf 85' lang='lat' dir='ltr'><em>„ad</em></span> <span class='ocrx_word' id='word_1_136' title='bbox 628 1163 742 1203; x_wconf 79' lang='lat' dir='ltr'><em>bonos</em></span> <span class='ocrx_word' id='word_1_137' title='bbox 770 1162 936 1203; x_wconf 78' lang='lat' dir='ltr'><em>redire.&#39;&#39;</em></span> <span class='ocrx_word' id='word_1_138' title='bbox 968 1161 1114 1217; x_wconf 91' lang='lat' dir='ltr'><em>Itaque</em></span> <span class='ocrx_word' id='word_1_139' title='bbox 1142 1164 1348 1217; x_wconf 80' lang='lat' dir='ltr'><em>oppressis</em></span> <span class='ocrx_word' id='word_1_140' title='bbox 1373 1161 1525 1204; x_wconf 87' lang='lat' dir='ltr'><em>Fulvio</em></span> <span class='ocrx_word' id='word_1_141' title='bbox 1544 1166 1585 1203; x_wconf 93' lang='lat' dir='ltr'><em>et</em></span> <span class='ocrx_word' id='word_1_142' title='bbox 1602 1160 1730 1204; x_wconf 82' lang='lat' dir='ltr'><em>Grac-</em></span> 
     </span>
     <span class='ocr_line' id='line_1_16' title="bbox 150 1232 1772 1289; baseline -0.002 -12"><span class='ocrx_word' id='word_1_143' title='bbox 150 1236 226 1277; x_wconf 89' lang='lat' dir='ltr'><em>cho</em></span> <span class='ocrx_word' id='word_1_144' title='bbox 255 1234 419 1289; x_wconf 89' lang='lat' dir='ltr'><em>elapsus</em></span> <span class='ocrx_word' id='word_1_145' title='bbox 448 1237 510 1275; x_wconf 89' lang='lat' dir='ltr'><em>est</em></span> <span class='ocrx_word' id='word_1_146' title='bbox 537 1237 578 1274; x_wconf 91' lang='lat' dir='ltr'><em>et</em></span> <span class='ocrx_word' id='word_1_147' title='bbox 609 1234 654 1274; x_wconf 90' lang='lat' dir='ltr'><em>in</em></span> <span class='ocrx_word' id='word_1_148' title='bbox 681 1247 826 1275; x_wconf 89' lang='lat' dir='ltr'><em>eorum</em></span> <span class='ocrx_word' id='word_1_149' title='bbox 854 1235 1032 1275; x_wconf 80' lang='lat' dir='ltr'><em>interitu</em></span> <span class='ocrx_word' id='word_1_150' title='bbox 1059 1248 1109 1275; x_wconf 90' lang='lat' dir='ltr'><em>ne</em></span> <span class='ocrx_word' id='word_1_151' title='bbox 1142 1238 1403 1275; x_wconf 82' lang='lat' dir='ltr'><em>memoratur</em></span> <span class='ocrx_word' id='word_1_152' title='bbox 1430 1233 1622 1288; x_wconf 83' lang='lat' dir='ltr'><em>quidem,</em></span> <span class='ocrx_word' id='word_1_153' title='bbox 1658 1232 1730 1274; x_wconf 88' lang='lat' dir='ltr'><em>sed</em></span> <span class='ocrx_word' id='word_1_154' title='bbox 1769 1252 1772 1253; x_wconf 41' lang='lat'><em>⁷</em></span> 
     </span>
     <span class='ocr_line' id='line_1_17' title="bbox 152 1303 1728 1360; baseline -0.001 -13"><span class='ocrx_word' id='word_1_155' title='bbox 152 1306 342 1360; x_wconf 78' lang='lat' dir='ltr'><em>sequenti</em></span> <span class='ocrx_word' id='word_1_156' title='bbox 386 1317 492 1345; x_wconf 89' lang='lat' dir='ltr'><em>anno</em></span> <span class='ocrx_word' id='word_1_157' title='bbox 538 1303 660 1359; x_wconf 77' lang='lat'>(120)</span> <span class='ocrx_word' id='word_1_158' title='bbox 705 1303 863 1346; x_wconf 90' lang='lat' dir='ltr'><em>Consul</em></span> <span class='ocrx_word' id='word_1_159' title='bbox 905 1317 1049 1345; x_wconf 88' lang='lat' dir='ltr'><em>eorum</em></span> <span class='ocrx_word' id='word_1_160' title='bbox 1083 1304 1395 1346; x_wconf 77' lang='lat' dir='ltr'><em>interfectorem</em></span> <span class='ocrx_word' id='word_1_161' title='bbox 1426 1303 1472 1344; x_wconf 89' lang='lat' dir='ltr'><em>L.</em></span> <span class='ocrx_word' id='word_1_162' title='bbox 1509 1303 1728 1358; x_wconf 86' lang='lat' dir='ltr'><em>Opimium</em></span> 
     </span>
     <span class='ocr_line' id='line_1_18' title="bbox 151 1374 1733 1431; baseline -0.002 -13"><span class='ocrx_word' id='word_1_163' title='bbox 151 1376 262 1431; x_wconf 91' lang='lat' dir='ltr'><em>apud</em></span> <span class='ocrx_word' id='word_1_164' title='bbox 294 1374 499 1430; x_wconf 90' lang='lat' dir='ltr'><em>populum</em></span> <span class='ocrx_word' id='word_1_165' title='bbox 533 1374 733 1416; x_wconf 83' lang='lat' dir='ltr'><em>defendit.</em></span> <span class='ocrx_word' id='word_1_166' title='bbox 770 1374 854 1416; x_wconf 73' lang='lat' dir='ltr'><em>Cio.</em></span> <span class='ocrx_word' id='word_1_167' title='bbox 891 1376 937 1415; x_wconf 85' lang='lat' dir='ltr'><em>de</em></span> <span class='ocrx_word' id='word_1_168' title='bbox 976 1375 1085 1417; x_wconf 80' lang='lat' dir='ltr'><em>Orat.</em></span> <span class='ocrx_word' id='word_1_169' title='bbox 1118 1375 1167 1417; x_wconf 89' lang='grc' dir='ltr'><em>ΙΙ.</em></span> <span class='ocrx_word' id='word_1_170' title='bbox 1199 1375 1255 1417; x_wconf 77' lang='lat'><em>25</em></span> <span class='ocrx_word' id='word_1_171' title='bbox 1285 1387 1328 1417; x_wconf 72' lang='lat' dir='ltr'><em>er,</em></span> <span class='ocrx_word' id='word_1_172' title='bbox 1355 1376 1426 1417; x_wconf 86' lang='lat'><em>40.</em></span> <span class='ocrx_word' id='word_1_173' title='bbox 1469 1376 1648 1416; x_wconf 76' lang='lat' dir='ltr'><em>Rediisse</em></span> <span class='ocrx_word' id='word_1_174' title='bbox 1679 1376 1733 1415; x_wconf 89' lang='lat' dir='ltr'><em>ad</em></span> 
     </span>
     <span class='ocr_line' id='line_1_19' title="bbox 154 1443 1731 1502; baseline -0.001 -15"><span class='ocrx_word' id='word_1_175' title='bbox 154 1450 269 1487; x_wconf 77' lang='lat' dir='ltr'><em>bonos</em></span> <span class='ocrx_word' id='word_1_176' title='bbox 301 1446 456 1487; x_wconf 83' lang='lat' dir='ltr'><em>dicitur</em></span> <span class='ocrx_word' id='word_1_177' title='bbox 488 1447 536 1486; x_wconf 92' lang='lat' dir='ltr'><em>de</em></span> <span class='ocrx_word' id='word_1_178' title='bbox 569 1446 684 1498; x_wconf 70' lang='lat' dir='ltr'><em>Leyq.</em></span> <span class='ocrx_word' id='word_1_179' title='bbox 719 1445 793 1487; x_wconf 89' lang='lat' dir='ltr'><strong>III.</strong></span> <span class='ocrx_word' id='word_1_180' title='bbox 828 1445 898 1487; x_wconf 83' lang='lat'><strong>16.</strong></span> <span class='ocrx_word' id='word_1_181' title='bbox 929 1443 1160 1495; x_wconf 73' lang='lat' dir='ltr'><em>„Carbonis</em></span> <span class='ocrx_word' id='word_1_182' title='bbox 1189 1453 1243 1488; x_wconf 80' lang='lat' dir='ltr'><em>est</em></span> <span class='ocrx_word' id='word_1_183' title='bbox 1270 1447 1390 1488; x_wconf 76' lang='lat' dir='ltr'><em>tertia</em></span> <span class='ocrx_word' id='word_1_184' title='bbox 1420 1446 1521 1502; x_wconf 82' lang='lat' dir='ltr'><em>(lex)</em></span> <span class='ocrx_word' id='word_1_185' title='bbox 1552 1472 1606 1477; x_wconf 97' lang='lat'><strong>—</strong></span> <span class='ocrx_word' id='word_1_186' title='bbox 1633 1449 1731 1487; x_wconf 80' lang='lat' dir='ltr'><em>sedi-</em></span> 
     </span>
     <span class='ocr_line' id='line_1_20' title="bbox 152 1516 1731 1572; baseline -0.001 -14"><span class='ocrx_word' id='word_1_187' title='bbox 152 1517 244 1558; x_wconf 81' lang='lat' dir='ltr'><em>tiosi</em></span> <span class='ocrx_word' id='word_1_188' title='bbox 271 1522 385 1572; x_wconf 77' lang='lat' dir='ltr'><em>atque</em></span> <span class='ocrx_word' id='word_1_189' title='bbox 411 1517 575 1571; x_wconf 76' lang='lat' dir='ltr'><em>improbi</em></span> <span class='ocrx_word' id='word_1_190' title='bbox 607 1517 724 1566; x_wconf 80' lang='lat' dir='ltr'><em>civis,</em></span> <span class='ocrx_word' id='word_1_191' title='bbox 758 1516 823 1558; x_wconf 77' lang='lat' dir='ltr'><em>cui</em></span> <span class='ocrx_word' id='word_1_192' title='bbox 855 1532 903 1557; x_wconf 78' lang='lat' dir='ltr'><em>ne</em></span> <span class='ocrx_word' id='word_1_193' title='bbox 929 1518 1082 1558; x_wconf 82' lang='lat' dir='ltr'><em>reditus</em></span> <span class='ocrx_word' id='word_1_194' title='bbox 1113 1518 1266 1570; x_wconf 79' lang='lat' dir='ltr'><em>quidem</em></span> <span class='ocrx_word' id='word_1_195' title='bbox 1293 1519 1347 1558; x_wconf 89' lang='lat' dir='ltr'><em>ad</em></span> <span class='ocrx_word' id='word_1_196' title='bbox 1373 1518 1489 1559; x_wconf 84' lang='lat' dir='ltr'><em>bonos</em></span> <span class='ocrx_word' id='word_1_197' title='bbox 1514 1518 1680 1558; x_wconf 82' lang='lat' dir='ltr'><em>salutem</em></span> <span class='ocrx_word' id='word_1_198' title='bbox 1706 1532 1731 1557; x_wconf 87' lang='lat' dir='ltr'><em>a</em></span> 
     </span>
    </p>
   </div>
   <div class='ocr_carea' id='block_1_3' title="bbox 153 1587 1731 1701">
    <p class='ocr_par' dir='ltr' id='par_1_3' title="bbox 153 1587 1731 1701">
     <span class='ocr_line' id='line_1_21' title="bbox 154 1587 1731 1644; baseline 0.001 -16"><span class='ocrx_word' id='word_1_199' title='bbox 154 1588 263 1629; x_wconf 76' lang='lat' dir='ltr'><em>bonis</em></span> <span class='ocrx_word' id='word_1_200' title='bbox 301 1588 436 1642; x_wconf 76' lang='lat' dir='ltr'><em>potuit</em></span> <span class='ocrx_word' id='word_1_201' title='bbox 478 1587 660 1643; x_wconf 83' lang='lat' dir='ltr'><em>afferre.&#39;’</em></span> <span class='ocrx_word' id='word_1_202' title='bbox 707 1601 891 1642; x_wconf 90' lang='lat' dir='ltr'><em>namque</em></span> <span class='ocrx_word' id='word_1_203' title='bbox 932 1601 1039 1629; x_wconf 89' lang='lat' dir='ltr'><em>anno</em></span> <span class='ocrx_word' id='word_1_204' title='bbox 1082 1593 1177 1643; x_wconf 87' lang='lat' dir='ltr'><em>post</em></span> <span class='ocrx_word' id='word_1_205' title='bbox 1227 1587 1349 1644; x_wconf 82' lang='grc'>(119)</span> <span class='ocrx_word' id='word_1_206' title='bbox 1400 1602 1424 1630; x_wconf 89' lang='lat' dir='ltr'><em>a</em></span> <span class='ocrx_word' id='word_1_207' title='bbox 1471 1587 1517 1629; x_wconf 92' lang='lat' dir='ltr'><em>L.</em></span> <span class='ocrx_word' id='word_1_208' title='bbox 1569 1587 1731 1629; x_wconf 87' lang='lat' dir='ltr'><em>Licinio</em></span> 
     </span>
     <span class='ocr_line' id='line_1_22' title="bbox 153 1656 1730 1701; baseline -0.001 -1"><span class='ocrx_word' id='word_1_209' title='bbox 153 1658 301 1700; x_wconf 83' lang='lat' dir='ltr'><em>Crasso</em></span> <span class='ocrx_word' id='word_1_210' title='bbox 330 1666 547 1701; x_wconf 82' lang='lat' dir='ltr'><em>accusatus</em></span> <span class='ocrx_word' id='word_1_211' title='bbox 575 1663 616 1700; x_wconf 90' lang='lat' dir='ltr'><em>et</em></span> <span class='ocrx_word' id='word_1_212' title='bbox 644 1658 869 1699; x_wconf 81' lang='lat' dir='ltr'><em>damna-tus</em></span> <span class='ocrx_word' id='word_1_213' title='bbox 902 1662 976 1700; x_wconf 87' lang='lat' dir='ltr'><em>est.</em></span> <span class='ocrx_word' id='word_1_214' title='bbox 1023 1658 1109 1700; x_wconf 84' lang='lat' dir='ltr'><em>Cic.</em></span> <span class='ocrx_word' id='word_1_215' title='bbox 1144 1663 1188 1700; x_wconf 86' lang='lat' dir='ltr'><em>de</em></span> <span class='ocrx_word' id='word_1_216' title='bbox 1228 1659 1336 1701; x_wconf 78' lang='lat' dir='ltr'><em>Orat.</em></span> <span class='ocrx_word' id='word_1_217' title='bbox 1370 1658 1423 1701; x_wconf 86' lang='grc' dir='ltr'><em>ΙΙ.</em></span> <span class='ocrx_word' id='word_1_218' title='bbox 1455 1658 1524 1700; x_wconf 91' lang='grc'><em>40.</em></span> <span class='ocrx_word' id='word_1_219' title='bbox 1553 1657 1630 1699; x_wconf 89' lang='grc' dir='ltr'><em>ΙΠ.</em></span> <span class='ocrx_word' id='word_1_220' title='bbox 1659 1656 1730 1699; x_wconf 78' lang='grc'><em>20.</em></span> 
     </span>
    </p>
   </div>
   <div class='ocr_carea' id='block_1_4' title="bbox 153 1728 1255 1786">
    <p class='ocr_par' dir='ltr' id='par_1_4' title="bbox 153 1728 1255 1786">
     <span class='ocr_line' id='line_1_23' title="bbox 153 1728 1255 1786; baseline 0.001 -15"><span class='ocrx_word' id='word_1_221' title='bbox 153 1743 237 1771; x_wconf 89' lang='lat' dir='ltr'><em>uno</em></span> <span class='ocrx_word' id='word_1_222' title='bbox 270 1743 375 1772; x_wconf 88' lang='lat' dir='ltr'><em>anno</em></span> <span class='ocrx_word' id='word_1_223' title='bbox 407 1735 632 1786; x_wconf 88' lang='lat' dir='ltr'><em>postquam</em></span> <span class='ocrx_word' id='word_1_224' title='bbox 663 1729 711 1771; x_wconf 90' lang='lat' dir='ltr'><em>L.</em></span> <span class='ocrx_word' id='word_1_225' title='bbox 746 1728 967 1784; x_wconf 90' lang='lat' dir='ltr'><em>Opimium</em></span> <span class='ocrx_word' id='word_1_226' title='bbox 1001 1729 1255 1772; x_wconf 78' lang='lat' dir='ltr'><em>defenderat.</em></span> 
     </span>
    </p>
   </div>
   <div class='ocr_carea' id='block_1_5' title="bbox 145 1870 1742 2914">
    <p class='ocr_par' dir='ltr' id='par_1_5' title="bbox 145 1870 1742 2914">
     <span class='ocr_line' id='line_1_24' title="bbox 219 1870 1733 1923; baseline 0 -11"><span class='ocrx_word' id='word_1_227' title='bbox 219 1870 281 1912; x_wconf 80' lang='lat' dir='ltr'><em>Ti.</em></span> <span class='ocrx_word' id='word_1_228' title='bbox 318 1870 497 1914; x_wconf 80' lang='lat' dir='ltr'><em>Graech.</em></span> <span class='ocrx_word' id='word_1_229' title='bbox 534 1871 604 1915; x_wconf 80' lang='grc'><em>21,</em></span> <span class='ocrx_word' id='word_1_230' title='bbox 638 1870 706 1912; x_wconf 79' lang='grc'><em>22.</em></span> <span class='ocrx_word' id='word_1_231' title='bbox 745 1871 935 1919; x_wconf 82' lang='grc' dir='ltr'><em>Σκηπίων</em></span> <span class='ocrx_word' id='word_1_232' title='bbox 969 1872 985 1913; x_wconf 82' lang='lat' dir='ltr'><em>o‘</em></span> <span class='ocrx_word' id='word_1_233' title='bbox 1019 1873 1265 1923; x_wconf 72' lang='grc' dir='ltr'><em>Ἀφρικοινὸς</em></span> <span class='ocrx_word' id='word_1_234' title='bbox 1302 1897 1354 1903; x_wconf 92' lang='lat'><em>—-</em></span> <span class='ocrx_word' id='word_1_235' title='bbox 1389 1876 1466 1914; x_wconf 72' lang='grc' dir='ltr'><em>τῶν</em></span> <span class='ocrx_word' id='word_1_236' title='bbox 1498 1872 1586 1922; x_wconf 79' lang='grc' dir='ltr'><em>περὶ</em></span> <span class='ocrx_word' id='word_1_237' title='bbox 1615 1870 1733 1913; x_wconf 76' lang='grc' dir='ltr'><em>Γοῖιόν</em></span> 
     </span>
     <span class='ocr_line' id='line_1_25' title="bbox 158 1942 1732 1994; baseline -0.001 -11"><span class='ocrx_word' id='word_1_238' title='bbox 158 1942 226 1983; x_wconf 68' lang='lat' dir='ltr'><em>ux)</em></span> <span class='ocrx_word' id='word_1_239' title='bbox 273 1942 471 1992; x_wconf 75' lang='grc' dir='ltr'><em>Φούλβιον</em></span> <span class='ocrx_word' id='word_1_240' title='bbox 514 1945 639 1984; x_wconf 70' lang='grc' dir='ltr'><em>αὐτοῦ</em></span> <span class='ocrx_word' id='word_1_241' title='bbox 684 1943 732 1983; x_wconf 77' lang='grc' dir='ltr'><em>δι’</em></span> <span class='ocrx_word' id='word_1_242' title='bbox 775 1942 996 1990; x_wconf 60' lang='grc' dir='ltr'><em>ἐκκλησίαις</em></span> <span class='ocrx_word' id='word_1_243' title='bbox 1040 1943 1340 1992; x_wconf 77' lang='grc' dir='ltr'><em>πυνθοινομένων</em></span> <span class='ocrx_word' id='word_1_244' title='bbox 1380 1944 1421 1984; x_wconf 79' lang='grc' dir='ltr'><em>τί</em></span> <span class='ocrx_word' id='word_1_245' title='bbox 1452 1943 1610 1994; x_wconf 75' lang='grc' dir='ltr'><em>Φρονοίη</em></span> <span class='ocrx_word' id='word_1_246' title='bbox 1645 1942 1732 1992; x_wconf 79' lang='grc' dir='ltr'><em>περὶ</em></span> 
     </span>
     <span class='ocr_line' id='line_1_26' title="bbox 159 2013 1734 2064; baseline -0.001 -9"><span class='ocrx_word' id='word_1_247' title='bbox 159 2019 233 2061; x_wconf 68' lang='grc' dir='ltr'><em>τῆς</em></span> <span class='ocrx_word' id='word_1_248' title='bbox 274 2013 465 2063; x_wconf 77' lang='grc' dir='ltr'><em>Τιβερίου</em></span> <span class='ocrx_word' id='word_1_249' title='bbox 510 2018 705 2060; x_wconf 69' lang='grc' dir='ltr'><em>τελευτῆς</em></span> <span class='ocrx_word' id='word_1_250' title='bbox 748 2015 817 2055; x_wconf 78' lang='grc' dir='ltr'><em>οὐκ</em></span> <span class='ocrx_word' id='word_1_251' title='bbox 862 2014 1130 2064; x_wconf 69' lang='grc' dir='ltr'><em>ἀρεσκομένην</em></span> <span class='ocrx_word' id='word_1_252' title='bbox 1167 2039 1221 2045; x_wconf 94' lang='grc'>-</span> <span class='ocrx_word' id='word_1_253' title='bbox 1257 2015 1467 2064; x_wconf 67' lang='grc' dir='ltr'><em>ἀπόκρισιν</em></span> <span class='ocrx_word' id='word_1_254' title='bbox 1502 2013 1655 2055; x_wconf 75' lang='grc' dir='ltr'><em>ἔδωκεν.</em></span> <span class='ocrx_word' id='word_1_255' title='bbox 1690 2013 1734 2054; x_wconf 83' lang='grc' dir='ltr'><em>ἐκ</em></span> 
     </span>
     <span class='ocr_line' id='line_1_27' title="bbox 161 2082 1736 2135; baseline 0.001 -11"><span class='ocrx_word' id='word_1_256' title='bbox 161 2082 302 2125; x_wconf 77' lang='grc' dir='ltr'><em>τούτου</em></span> <span class='ocrx_word' id='word_1_257' title='bbox 346 2084 428 2135; x_wconf 71' lang='grc' dir='ltr'><em>’γὰρ</em></span> <span class='ocrx_word' id='word_1_258' title='bbox 470 2085 486 2125; x_wconf 78' lang='grc' dir='ltr'><em>ὂ</em></span> <span class='ocrx_word' id='word_1_259' title='bbox 523 2085 596 2134; x_wconf 76' lang='grc' dir='ltr'><em>μὲν</em></span> <span class='ocrx_word' id='word_1_260' title='bbox 629 2084 751 2133; x_wconf 74' lang='grc' dir='ltr'><em>δῆμος</em></span> <span class='ocrx_word' id='word_1_261' title='bbox 785 2084 1044 2133; x_wconf 71' lang='grc' dir='ltr'><em>ἀντέκρουσεν</em></span> <span class='ocrx_word' id='word_1_262' title='bbox 1080 2085 1189 2135; x_wconf 69' lang='grc' dir='ltr'><em>αὐτῷ</em></span> <span class='ocrx_word' id='word_1_263' title='bbox 1223 2084 1386 2134; x_wconf 69' lang='grc' dir='ltr'><em>λέγοντι</em></span> <span class='ocrx_word' id='word_1_264' title='bbox 1418 2084 1584 2134; x_wconf 79' lang='grc' dir='ltr'><em>μηδέπω</em></span> <span class='ocrx_word' id='word_1_265' title='bbox 1619 2087 1736 2125; x_wconf 81' lang='grc' dir='ltr'><em>τοῦτο</em></span> 
     </span>
     <span class='ocr_line' id='line_1_28' title="bbox 161 2154 1736 2207; baseline 0 -11"><span class='ocrx_word' id='word_1_266' title='bbox 161 2157 333 2203; x_wconf 73' lang='grc' dir='ltr'><em>ποιήσοις</em></span> <span class='ocrx_word' id='word_1_267' title='bbox 382 2155 587 2207; x_wconf 77' lang='grc' dir='ltr'><em>πρότερον,</em></span> <span class='ocrx_word' id='word_1_268' title='bbox 639 2155 761 2201; x_wconf 66' lang='grc' dir='ltr'><em>αὐτὸς</em></span> <span class='ocrx_word' id='word_1_269' title='bbox 813 2154 851 2195; x_wconf 78' lang='grc' dir='ltr'><em>δὲ</em></span> <span class='ocrx_word' id='word_1_270' title='bbox 902 2156 968 2197; x_wconf 74' lang='grc' dir='ltr'><em>τὸν</em></span> <span class='ocrx_word' id='word_1_271' title='bbox 1017 2155 1139 2203; x_wconf 70' lang='grc' dir='ltr'><em>δῆμον</em></span> <span class='ocrx_word' id='word_1_272' title='bbox 1190 2156 1318 2197; x_wconf 78' lang='grc' dir='ltr'><em>εἰπεῖν</em></span> <span class='ocrx_word' id='word_1_273' title='bbox 1366 2157 1498 2202; x_wconf 77' lang='grc' dir='ltr'><em>κκκῶς</em></span> <span class='ocrx_word' id='word_1_274' title='bbox 1541 2157 1736 2207; x_wconf 78' lang='grc' dir='ltr'><em>προήχθη.</em></span> 
     </span>
     <span class='ocr_line' id='line_1_29' title="bbox 162 2225 1737 2281; baseline -0.001 -14"><span class='ocrx_word' id='word_1_275' title='bbox 162 2225 280 2267; x_wconf 83' lang='lat' dir='ltr'><em>Haeo</em></span> <span class='ocrx_word' id='word_1_276' title='bbox 323 2227 464 2267; x_wconf 86' lang='lat' dir='ltr'><em>omnia</em></span> <span class='ocrx_word' id='word_1_277' title='bbox 505 2225 760 2267; x_wconf 82' lang='lat' dir='ltr'><em>Plutarchus</em></span> <span class='ocrx_word' id='word_1_278' title='bbox 804 2225 921 2266; x_wconf 82' lang='lat' dir='ltr'><em>addit</em></span> <span class='ocrx_word' id='word_1_279' title='bbox 964 2225 1192 2281; x_wconf 84' lang='lat' dir='ltr'><em>diligenter</em></span> <span class='ocrx_word' id='word_1_280' title='bbox 1225 2239 1247 2267; x_wconf 89' lang='lat' dir='ltr'><em>a</em></span> <span class='ocrx_word' id='word_1_281' title='bbox 1280 2240 1322 2267; x_wconf 89' lang='lat' dir='ltr'><em>se</em></span> <span class='ocrx_word' id='word_1_282' title='bbox 1355 2240 1442 2268; x_wconf 89' lang='lat' dir='ltr'><em>esse</em></span> <span class='ocrx_word' id='word_1_283' title='bbox 1475 2228 1664 2281; x_wconf 81' lang='lat' dir='ltr'><em>exposita</em></span> <span class='ocrx_word' id='word_1_284' title='bbox 1693 2227 1737 2266; x_wconf 92' lang='lat' dir='ltr'><em>in</em></span> 
     </span>
     <span class='ocr_line' id='line_1_30' title="bbox 161 2295 1740 2350; baseline -0.002 -12"><span class='ocrx_word' id='word_1_285' title='bbox 161 2297 252 2338; x_wconf 83' lang='lat' dir='ltr'><em>vita</em></span> <span class='ocrx_word' id='word_1_286' title='bbox 283 2296 473 2349; x_wconf 78' lang='lat' dir='ltr'><em>Scipionis</em></span> <span class='ocrx_word' id='word_1_287' title='bbox 504 2295 743 2349; x_wconf 79' lang='lat' dir='ltr'><em>Aemiliani,</em></span> <span class='ocrx_word' id='word_1_288' title='bbox 776 2297 920 2350; x_wconf 87' lang='lat' dir='ltr'><em>itaque</em></span> <span class='ocrx_word' id='word_1_289' title='bbox 952 2310 1062 2336; x_wconf 85' lang='lat' dir='ltr'><em>nuno</em></span> <span class='ocrx_word' id='word_1_290' title='bbox 1093 2297 1239 2350; x_wconf 81' lang='lat' dir='ltr'><em>paucis</em></span> <span class='ocrx_word' id='word_1_291' title='bbox 1273 2295 1464 2337; x_wconf 87' lang='lat' dir='ltr'><em>absolvit.</em></span> <span class='ocrx_word' id='word_1_292' title='bbox 1529 2295 1628 2337; x_wconf 89' lang='lat' dir='ltr'><em>Vita</em></span> <span class='ocrx_word' id='word_1_293' title='bbox 1655 2295 1740 2335; x_wconf 81' lang='lat' dir='ltr'><em>Sci-</em></span> 
     </span>
     <span class='ocr_line' id='line_1_31' title="bbox 153 2365 1740 2421; baseline 0.001 -16"><span class='ocrx_word' id='word_1_294' title='bbox 153 2365 293 2420; x_wconf 75' lang='lat' dir='ltr'><em>pionis</em></span> <span class='ocrx_word' id='word_1_295' title='bbox 335 2366 437 2407; x_wconf 87' lang='lat' dir='ltr'><em>olim</em></span> <span class='ocrx_word' id='word_1_296' title='bbox 481 2371 543 2408; x_wconf 88' lang='lat' dir='ltr'><em>est</em></span> <span class='ocrx_word' id='word_1_297' title='bbox 587 2366 800 2421; x_wconf 87' lang='lat' dir='ltr'><em>deperdita</em></span> <span class='ocrx_word' id='word_1_298' title='bbox 845 2366 916 2407; x_wconf 87' lang='lat' dir='ltr'><em>sed</em></span> <span class='ocrx_word' id='word_1_299' title='bbox 960 2372 1184 2420; x_wconf 81' lang='lat' dir='ltr'><em>supersunt</em></span> <span class='ocrx_word' id='word_1_300' title='bbox 1215 2365 1297 2408; x_wconf 75' lang='lat' dir='ltr'><em>loci</em></span> <span class='ocrx_word' id='word_1_301' title='bbox 1329 2367 1500 2421; x_wconf 88' lang='lat' dir='ltr'><em>quidam</em></span> <span class='ocrx_word' id='word_1_302' title='bbox 1535 2379 1584 2408; x_wconf 79' lang='lat' dir='ltr'><em>ex</em></span> <span class='ocrx_word' id='word_1_303' title='bbox 1616 2379 1664 2407; x_wconf 88' lang='lat' dir='ltr'><em>ea</em></span> <span class='ocrx_word' id='word_1_304' title='bbox 1695 2367 1740 2406; x_wconf 91' lang='lat' dir='ltr'><em>in</em></span> 
     </span>
     <span class='ocr_line' id='line_1_32' title="bbox 164 2436 1738 2495; baseline 0.001 -18"><span class='ocrx_word' id='word_1_305' title='bbox 164 2436 503 2490; x_wconf 71' lang='lat' dir='ltr'><em>Apophtlceymatis</em></span> <span class='ocrx_word' id='word_1_306' title='bbox 544 2437 752 2491; x_wconf 81' lang='lat' dir='ltr'><em>excerpti,</em></span> <span class='ocrx_word' id='word_1_307' title='bbox 793 2437 836 2477; x_wconf 91' lang='lat' dir='ltr'><em>in</em></span> <span class='ocrx_word' id='word_1_308' title='bbox 869 2436 1022 2491; x_wconf 87' lang='lat' dir='ltr'><em>quibus</em></span> <span class='ocrx_word' id='word_1_309' title='bbox 1055 2442 1095 2478; x_wconf 91' lang='lat' dir='ltr'><em>et</em></span> <span class='ocrx_word' id='word_1_310' title='bbox 1126 2437 1195 2479; x_wconf 87' lang='lat' dir='ltr'><em>hic</em></span> <span class='ocrx_word' id='word_1_311' title='bbox 1227 2436 1344 2479; x_wconf 84' lang='lat' dir='ltr'><em>loeus</em></span> <span class='ocrx_word' id='word_1_312' title='bbox 1377 2442 1439 2479; x_wconf 90' lang='lat' dir='ltr'><em>est</em></span> <span class='ocrx_word' id='word_1_313' title='bbox 1471 2452 1567 2495; x_wconf 84' lang='lat' dir='ltr'><em>pag.</em></span> <span class='ocrx_word' id='word_1_314' title='bbox 1602 2437 1684 2479; x_wconf 81' lang='lat'><em>201</em></span> <span class='ocrx_word' id='word_1_315' title='bbox 1706 2452 1738 2478; x_wconf 86' lang='lat' dir='ltr'><em>e.</em></span> 
     </span>
     <span class='ocr_line' id='line_1_33' title="bbox 166 2505 1739 2564; baseline 0.001 -17"><span class='ocrx_word' id='word_1_316' title='bbox 166 2506 239 2557; x_wconf 77' lang='grc' dir='ltr'><em>ἐμὲ</em></span> <span class='ocrx_word' id='word_1_317' title='bbox 282 2505 437 2561; x_wconf 85' lang='lat' dir='ltr'><em>(Scipio</em></span> <span class='ocrx_word' id='word_1_318' title='bbox 481 2507 589 2548; x_wconf 81' lang='lat' dir='ltr'><em>dixit</em></span> <span class='ocrx_word' id='word_1_319' title='bbox 632 2506 915 2548; x_wconf 85' lang='lat' dir='ltr'><em>tumultuanti</em></span> <span class='ocrx_word' id='word_1_320' title='bbox 958 2509 1161 2564; x_wconf 85' lang='lat' dir='ltr'><em>concioni)</em></span> <span class='ocrx_word' id='word_1_321' title='bbox 1198 2508 1450 2550; x_wconf 76' lang='grc' dir='ltr'><em>οὐδεπώποτε</em></span> <span class='ocrx_word' id='word_1_322' title='bbox 1484 2509 1739 2560; x_wconf 77' lang='grc' dir='ltr'><em>ςροιτοπέδων</em></span> 
     </span>
     <span class='ocr_line' id='line_1_34' title="bbox 165 2577 1740 2629; baseline 0.001 -12"><span class='ocrx_word' id='word_1_323' title='bbox 165 2577 421 2627; x_wconf 61' lang='grc' dir='ltr'><em>ἀλαλαγμὸς</em></span> <span class='ocrx_word' id='word_1_324' title='bbox 455 2577 690 2629; x_wconf 76' lang='grc' dir='ltr'><em>ἐθορύβησεν</em></span> <span class='ocrx_word' id='word_1_325' title='bbox 716 2578 799 2619; x_wconf 79' lang='grc' dir='ltr'><em>οὔτι</em></span> <span class='ocrx_word' id='word_1_326' title='bbox 827 2595 877 2628; x_wconf 72' lang='grc' dir='ltr'><em>γε</em></span> <span class='ocrx_word' id='word_1_327' title='bbox 903 2578 1140 2628; x_wconf 72' lang='grc' dir='ltr'><em>συγκλύδων</em></span> <span class='ocrx_word' id='word_1_328' title='bbox 1169 2580 1400 2628; x_wconf 69' lang='grc' dir='ltr'><em>ἀνθρώπων,</em></span> <span class='ocrx_word' id='word_1_329' title='bbox 1432 2577 1480 2621; x_wconf 72' lang='grc' dir='ltr'><em>ὧν</em></span> <span class='ocrx_word' id='word_1_330' title='bbox 1510 2582 1550 2621; x_wconf 81' lang='grc' dir='ltr'><em>οὐ</em></span> <span class='ocrx_word' id='word_1_331' title='bbox 1580 2578 1740 2629; x_wconf 68' lang='grc' dir='ltr'><em>μητέρα</em></span> 
     </span>
     <span class='ocr_line' id='line_1_35' title="bbox 167 2647 1741 2705; baseline 0.001 -17"><span class='ocrx_word' id='word_1_332' title='bbox 167 2649 239 2696; x_wconf 78' lang='grc' dir='ltr'><em>την</em></span> <span class='ocrx_word' id='word_1_333' title='bbox 284 2648 492 2702; x_wconf 78' lang='grc' dir='ltr'><em>Ἰτοιλίοιν,</em></span> <span class='ocrx_word' id='word_1_334' title='bbox 536 2648 651 2688; x_wconf 63' lang='grc' dir='ltr'><em>ἄλλοι</em></span> <span class='ocrx_word' id='word_1_335' title='bbox 695 2649 893 2699; x_wconf 65' lang='grc' dir='ltr'><em>μητρυιὰν</em></span> <span class='ocrx_word' id='word_1_336' title='bbox 927 2647 1049 2691; x_wconf 64' lang='grc' dir='ltr'><em>οὖσαν</em></span> <span class='ocrx_word' id='word_1_337' title='bbox 1082 2650 1300 2699; x_wconf 73' lang='grc' dir='ltr'><em>ε’πίςοιμοιι.</em></span> <span class='ocrx_word' id='word_1_338' title='bbox 1365 2649 1442 2691; x_wconf 81' lang='lat' dir='ltr'><em>Est</em></span> <span class='ocrx_word' id='word_1_339' title='bbox 1473 2663 1620 2705; x_wconf 79' lang='lat' dir='ltr'><em>operae</em></span> <span class='ocrx_word' id='word_1_340' title='bbox 1651 2663 1741 2704; x_wconf 84' lang='lat' dir='ltr'><em>pre-</em></span> 
     </span>
     <span class='ocr_line' id='line_1_36' title="bbox 167 2717 1741 2775; baseline 0.002 -16"><span class='ocrx_word' id='word_1_341' title='bbox 167 2720 278 2760; x_wconf 89' lang='lat' dir='ltr'><em>tium</em></span> <span class='ocrx_word' id='word_1_342' title='bbox 326 2718 469 2761; x_wconf 87' lang='lat' dir='ltr'><em>audire</em></span> <span class='ocrx_word' id='word_1_343' title='bbox 516 2717 728 2760; x_wconf 87' lang='lat' dir='ltr'><em>Velleium</em></span> <span class='ocrx_word' id='word_1_344' title='bbox 773 2718 1048 2761; x_wconf 85' lang='lat' dir='ltr'><em>Paterculum</em></span> <span class='ocrx_word' id='word_1_345' title='bbox 1090 2719 1144 2762; x_wconf 89' lang='lat' dir='ltr'><strong>II.</strong></span> <span class='ocrx_word' id='word_1_346' title='bbox 1200 2719 1240 2760; x_wconf 89' lang='lat'><strong>4.</strong></span> <span class='ocrx_word' id='word_1_347' title='bbox 1287 2719 1429 2775; x_wconf 81' lang='lat' dir='ltr'><em>Sipio</em></span> <span class='ocrx_word' id='word_1_348' title='bbox 1475 2720 1741 2762; x_wconf 84' lang='lat' dir='ltr'><em>Aemilianus</em></span> 
     </span>
     <span class='ocr_line' id='line_1_37' title="bbox 145 2787 1740 2845; baseline 0.003 -19"><span class='ocrx_word' id='word_1_349' title='bbox 145 2790 462 2841; x_wconf 48' lang='lat' dir='ltr'><em>„juterroqawte</em></span> <span class='ocrx_word' id='word_1_350' title='bbox 495 2803 578 2829; x_wconf 71' lang='lat' dir='ltr'><em>enm</em></span> <span class='ocrx_word' id='word_1_351' title='bbox 611 2789 767 2829; x_wconf 72' lang='lat' dir='ltr'><em>tribano</em></span> <span class='ocrx_word' id='word_1_352' title='bbox 803 2787 982 2830; x_wconf 74' lang='lat' dir='ltr'><em>Carbone</em></span> <span class='ocrx_word' id='word_1_353' title='bbox 1014 2791 1110 2845; x_wconf 78' lang='lat' dir='ltr'><em>quid</em></span> <span class='ocrx_word' id='word_1_354' title='bbox 1140 2793 1184 2831; x_wconf 78' lang='lat' dir='ltr'><em>de</em></span> <span class='ocrx_word' id='word_1_355' title='bbox 1219 2791 1277 2831; x_wconf 79' lang='lat' dir='ltr'><em>Ti.</em></span> <span class='ocrx_word' id='word_1_356' title='bbox 1313 2790 1479 2831; x_wconf 73' lang='lat' dir='ltr'><em>Gracchi</em></span> <span class='ocrx_word' id='word_1_357' title='bbox 1510 2792 1625 2832; x_wconf 84' lang='lat' dir='ltr'><em>caede</em></span> <span class='ocrx_word' id='word_1_358' title='bbox 1656 2806 1740 2831; x_wconf 78' lang='lat' dir='ltr'><em>sen-</em></span> 
     </span>
     <span class='ocr_line' id='line_1_38' title="bbox 164 2861 1742 2914; baseline 0.001 -14"><span class='ocrx_word' id='word_1_359' title='bbox 164 2865 255 2904; x_wconf 53' lang='lat' dir='ltr'><em>tit-ct</em></span> <span class='ocrx_word' id='word_1_360' title='bbox 297 2861 519 2914; x_wconf 52' lang='lat' dir='ltr'><em>ress-omlis:</em></span> <span class='ocrx_word' id='word_1_361' title='bbox 562 2870 598 2900; x_wconf 68' lang='grc' dir='ltr'><em>ει</em></span> <span class='ocrx_word' id='word_1_362' title='bbox 642 2871 678 2900; x_wconf 76' lang='lat' dir='ltr'><em>is</em></span> <span class='ocrx_word' id='word_1_363' title='bbox 720 2871 994 2901; x_wconf 53' lang='lat' dir='ltr'><em>‹noct-PANDAE</em></span> <span class='ocrx_word' id='word_1_364' title='bbox 1042 2873 1146 2901; x_wconf 69' lang='lat' dir='ltr'><em>asir.</em></span> <span class='ocrx_word' id='word_1_365' title='bbox 1184 2873 1351 2901; x_wconf 66' lang='lat' dir='ltr'><em>Asmuu</em></span> <span class='ocrx_word' id='word_1_366' title='bbox 1385 2873 1621 2903; x_wconf 69' lang='lat' dir='ltr'><em>HABmssn&#39;r</em></span> <span class='ocrx_word' id='word_1_367' title='bbox 1655 2862 1742 2902; x_wconf 78' lang='lat' dir='ltr'><em>iure</em></span> 
     </span>
    </p>
   </div>
  </div>
 </body>
</html>
