<?xml version="1.0" encoding="UTF-8"?>
<!DOCTYPE html PUBLIC "-//W3C//DTD XHTML 1.0 Transitional//EN"
    "http://www.w3.org/TR/xhtml1/DTD/xhtml1-transitional.dtd">
<html xmlns="http://www.w3.org/1999/xhtml" xml:lang="en" lang="en">
 <head>
  <title>
</title>
<meta http-equiv="Content-Type" content="text/html;charset=utf-8" />
  <meta name='ocr-system' content='tesseract 3.04.00' />
  <meta name='ocr-capabilities' content='ocr_page ocr_carea ocr_par ocr_line ocrx_word'/>
</head>
<body>
  <div class='ocr_page' id='page_1' title='image "./collectaneacriti00cobeuoft_0103.png"; bbox 0 0 1946 3298; ppageno 0'>
   <div class='ocr_carea' id='block_1_1' title="bbox 901 172 957 214">
    <p class='ocr_par' dir='ltr' id='par_1_1' title="bbox 901 172 957 214">
     <span class='ocr_line' id='line_1_1' title="bbox 901 172 957 214; baseline 0 0"><span class='ocrx_word' id='word_1_1' title='bbox 901 172 957 214; x_wconf 79' lang='lat'><em>85</em></span> 
     </span>
    </p>
   </div>
   <div class='ocr_carea' id='block_1_2' title="bbox 146 298 1716 414">
    <p class='ocr_par' dir='ltr' id='par_1_2' title="bbox 146 298 1716 414">
     <span class='ocr_line' id='line_1_2' title="bbox 146 298 1716 357; baseline 0.003 -14"><span class='ocrx_word' id='word_1_2' title='bbox 146 301 300 351; x_wconf 74' lang='lat' dir='ltr'>riendz&#39;,</span> <span class='ocrx_word' id='word_1_3' title='bbox 346 303 388 343; x_wconf 90' lang='lat' dir='ltr'><em>et</em></span> <span class='ocrx_word' id='word_1_4' title='bbox 429 303 606 357; x_wconf 89' lang='lat' dir='ltr'>utraque</span> <span class='ocrx_word' id='word_1_5' title='bbox 645 302 761 343; x_wconf 86' lang='lat' dir='ltr'>notio</span> <span class='ocrx_word' id='word_1_6' title='bbox 804 299 914 356; x_wconf 86' lang='lat' dir='ltr'>apud</span> <span class='ocrx_word' id='word_1_7' title='bbox 953 298 1132 342; x_wconf 80' lang='lat' dir='ltr'>Graecos</span> <span class='ocrx_word' id='word_1_8' title='bbox 1171 300 1215 341; x_wconf 89' lang='lat' dir='ltr'>in</span> <span class='ocrx_word' id='word_1_9' title='bbox 1254 314 1336 342; x_wconf 91' lang='lat' dir='ltr'>uno</span> <span class='ocrx_word' id='word_1_10' title='bbox 1367 303 1494 345; x_wconf 85' lang='lat' dir='ltr'>verbo</span> <span class='ocrx_word' id='word_1_11' title='bbox 1528 304 1716 357; x_wconf 78' lang='grc' dir='ltr'><em>εὑρίσκειν</em></span> 
     </span>
     <span class='ocr_line' id='line_1_3' title="bbox 148 373 394 414; baseline -0.008 0"><span class='ocrx_word' id='word_1_12' title='bbox 148 373 394 414; x_wconf 71' lang='lat' dir='ltr'><strong>continetur.</strong></span> 
     </span>
    </p>
   </div>
   <div class='ocr_carea' id='block_1_3' title="bbox 147 510 1722 770">
    <p class='ocr_par' dir='ltr' id='par_1_3' title="bbox 147 510 1722 770">
     <span class='ocr_line' id='line_1_4' title="bbox 211 510 1719 569; baseline 0.001 -16"><span class='ocrx_word' id='word_1_13' title='bbox 211 511 332 553; x_wconf 84' lang='lat' dir='ltr'>Tom.</span> <span class='ocrx_word' id='word_1_14' title='bbox 383 511 437 553; x_wconf 89' lang='lat' dir='ltr'><em>II.</em></span> <span class='ocrx_word' id='word_1_15' title='bbox 485 525 581 569; x_wconf 82' lang='lat' dir='ltr'>pag.</span> <span class='ocrx_word' id='word_1_16' title='bbox 629 510 696 553; x_wconf 82' lang='grc'><em>51.</em></span> <span class='ocrx_word' id='word_1_17' title='bbox 746 515 822 552; x_wconf 83' lang='grc' dir='ltr'><em>τῶν</em></span> <span class='ocrx_word' id='word_1_18' title='bbox 870 511 1155 561; x_wconf 77' lang='grc' dir='ltr'><em>πομπευόντων</em></span> <span class='ocrx_word' id='word_1_19' title='bbox 1199 511 1320 560; x_wconf 78' lang='grc' dir='ltr'><em>αὐτὸς</em></span> <span class='ocrx_word' id='word_1_20' title='bbox 1364 511 1507 561; x_wconf 75' lang='grc' dir='ltr'><em>ἕκαςος</em></span> <span class='ocrx_word' id='word_1_21' title='bbox 1550 517 1719 568; x_wconf 73' lang='grc' dir='ltr'><em>ὀφθῆναι</em></span> 
     </span>
     <span class='ocr_line' id='line_1_5' title="bbox 148 580 1720 636; baseline 0.004 -14"><span class='ocrx_word' id='word_1_22' title='bbox 148 582 347 632; x_wconf 74' lang='grc' dir='ltr'><em>ἐπιθυμῶν</em></span> <span class='ocrx_word' id='word_1_23' title='bbox 375 583 487 624; x_wconf 76' lang='grc' dir='ltr'><em>κατα</em></span> <span class='ocrx_word' id='word_1_24' title='bbox 515 583 626 624; x_wconf 78' lang='grc' dir='ltr'><em>τοῦτ’</em></span> <span class='ocrx_word' id='word_1_25' title='bbox 655 582 900 623; x_wconf 69' lang='grc' dir='ltr'><em>ἐσπούδακεν</em></span> <span class='ocrx_word' id='word_1_26' title='bbox 926 580 997 628; x_wconf 73' lang='grc' dir='ltr'><em>ἕως</em></span> <span class='ocrx_word' id='word_1_27' title='bbox 1026 581 1076 624; x_wconf 71' lang='grc' dir='ltr'><em>ἂν</em></span> <span class='ocrx_word' id='word_1_28' title='bbox 1104 583 1304 635; x_wconf 81' lang='grc' dir='ltr'><em>παρέλθη,</em></span> <span class='ocrx_word' id='word_1_29' title='bbox 1332 584 1469 636; x_wconf 79' lang='grc' dir='ltr'><em>μικρὸν</em></span> <span class='ocrx_word' id='word_1_30' title='bbox 1498 585 1531 626; x_wconf 81' lang='grc' dir='ltr'><em>δ’</em></span> <span class='ocrx_word' id='word_1_31' title='bbox 1559 587 1720 635; x_wconf 81' lang='grc' dir='ltr'><em>ἀποςάς</em></span> 
     </span>
     <span class='ocr_line' id='line_1_6' title="bbox 148 642 1722 704; baseline 0.006 -11"><span class='ocrx_word' id='word_1_32' title='bbox 148 651 267 694; x_wconf 78' lang='grc' dir='ltr'><em>ἔλυσε</em></span> <span class='ocrx_word' id='word_1_33' title='bbox 300 653 344 694; x_wconf 84' lang='grc' dir='ltr'><em>τὸ</em></span> <span class='ocrx_word' id='word_1_34' title='bbox 378 659 530 704; x_wconf 77' lang='grc' dir='ltr'><em>σχῆμα</em></span> <span class='ocrx_word' id='word_1_35' title='bbox 562 653 628 694; x_wconf 69' lang='grc' dir='ltr'><em>καὶ</em></span> <span class='ocrx_word' id='word_1_36' title='bbox 664 657 738 694; x_wconf 79' lang='grc' dir='ltr'><em>τῶν</em></span> <span class='ocrx_word' id='word_1_37' title='bbox 766 652 933 694; x_wconf 80' lang='grc' dir='ltr'><em>’Ἀλλων</em></span> <span class='ocrx_word' id='word_1_38' title='bbox 967 650 1022 699; x_wconf 75' lang='grc' dir='ltr'><em>εἷς</em></span> <span class='ocrx_word' id='word_1_39' title='bbox 1057 653 1150 696; x_wconf 70' lang='grc' dir='ltr'><em>ἐςίν.</em></span> <span class='ocrx_word' id='word_1_40' title='bbox 1206 653 1421 696; x_wconf 82' lang='lat' dir='ltr'>Usitatum</span> <span class='ocrx_word' id='word_1_41' title='bbox 1455 659 1518 697; x_wconf 85' lang='lat' dir='ltr'><em>est</em></span> <span class='ocrx_word' id='word_1_42' title='bbox 1551 642 1722 702; x_wconf 71' lang='lat' dir='ltr'>Graecis</span> 
     </span>
     <span class='ocr_line' id='line_1_7' title="bbox 147 721 1170 770; baseline 0.001 -5"><span class='ocrx_word' id='word_1_43' title='bbox 147 725 192 765; x_wconf 90' lang='lat' dir='ltr'>in</span> <span class='ocrx_word' id='word_1_44' title='bbox 223 723 299 765; x_wconf 89' lang='lat' dir='ltr'>tali</span> <span class='ocrx_word' id='word_1_45' title='bbox 331 738 375 766; x_wconf 89' lang='lat' dir='ltr'><em>re</em></span> <span class='ocrx_word' id='word_1_46' title='bbox 407 724 542 765; x_wconf 84' lang='lat' dir='ltr'>dicere</span> <span class='ocrx_word' id='word_1_47' title='bbox 574 723 642 764; x_wconf 76' lang='grc' dir='ltr'><em>καὶ</em></span> <span class='ocrx_word' id='word_1_48' title='bbox 676 727 752 764; x_wconf 83' lang='grc' dir='ltr'><em>τῶν</em></span> <span class='ocrx_word' id='word_1_49' title='bbox 786 725 953 765; x_wconf 76' lang='grc' dir='ltr'><em>Πολλῶν</em></span> <span class='ocrx_word' id='word_1_50' title='bbox 986 721 1041 770; x_wconf 79' lang='grc' dir='ltr'><em>εἷς</em></span> <span class='ocrx_word' id='word_1_51' title='bbox 1076 725 1170 768; x_wconf 84' lang='grc' dir='ltr'><em>ε’ςίν.</em></span> 
     </span>
    </p>
   </div>
   <div class='ocr_carea' id='block_1_4' title="bbox 149 860 1724 1059">
    <p class='ocr_par' dir='ltr' id='par_1_4' title="bbox 149 860 1724 1059">
     <span class='ocr_line' id='line_1_8' title="bbox 209 860 1722 920; baseline 0.005 -15"><span class='ocrx_word' id='word_1_52' title='bbox 209 862 328 905; x_wconf 81' lang='lat' dir='ltr'>Tom.</span> <span class='ocrx_word' id='word_1_53' title='bbox 362 862 415 904; x_wconf 88' lang='lat' dir='ltr'><em>II.</em></span> <span class='ocrx_word' id='word_1_54' title='bbox 448 877 543 920; x_wconf 89' lang='lat' dir='ltr'>pag.</span> <span class='ocrx_word' id='word_1_55' title='bbox 582 862 651 904; x_wconf 81' lang='lat'><em>53.</em></span> <span class='ocrx_word' id='word_1_56' title='bbox 686 862 730 904; x_wconf 85' lang='grc' dir='ltr'><em>τὸ</em></span> <span class='ocrx_word' id='word_1_57' title='bbox 763 863 836 912; x_wconf 79' lang='grc' dir='ltr'><em>μὲν</em></span> <span class='ocrx_word' id='word_1_58' title='bbox 871 863 952 914; x_wconf 72' lang='grc' dir='ltr'><em>γαρ</em></span> <span class='ocrx_word' id='word_1_59' title='bbox 987 861 1056 914; x_wconf 69' lang='grc' dir='ltr'><em>ἐφ’</em></span> <span class='ocrx_word' id='word_1_60' title='bbox 1093 860 1206 904; x_wconf 74' lang='grc' dir='ltr'><em>ἅπαν</em></span> <span class='ocrx_word' id='word_1_61' title='bbox 1240 866 1440 912; x_wconf 71' lang='grc' dir='ltr'><em>ἀποςῆναι</em></span> <span class='ocrx_word' id='word_1_62' title='bbox 1468 870 1537 908; x_wconf 77' lang='grc' dir='ltr'><em>τοῦ</em></span> <span class='ocrx_word' id='word_1_63' title='bbox 1565 868 1722 918; x_wconf 78' lang='grc' dir='ltr'><em>βοηθεῖν</em></span> 
     </span>
     <span class='ocr_line' id='line_1_9' title="bbox 149 931 1724 992; baseline 0.004 -18"><span class='ocrx_word' id='word_1_64' title='bbox 149 933 286 980; x_wconf 84' lang='grc' dir='ltr'><em>αὑτοῖς</em></span> <span class='ocrx_word' id='word_1_65' title='bbox 331 933 586 983; x_wconf 69' lang='grc' dir='ltr'><em>ἀνδραπόδων</em></span> <span class='ocrx_word' id='word_1_66' title='bbox 627 933 729 983; x_wconf 78' lang='grc' dir='ltr'><em>ἐςίν,</em></span> <span class='ocrx_word' id='word_1_67' title='bbox 769 947 850 975; x_wconf 93' lang='lat' dir='ltr'><em>non</em></span> <span class='ocrx_word' id='word_1_68' title='bbox 893 933 959 986; x_wconf 82' lang='grc' dir='ltr'><em>ἐφ’</em></span> <span class='ocrx_word' id='word_1_69' title='bbox 996 931 1110 974; x_wconf 78' lang='grc' dir='ltr'><em>ἅπαν</em></span> <span class='ocrx_word' id='word_1_70' title='bbox 1142 935 1408 977; x_wconf 86' lang='lat' dir='ltr'>scribendum</span> <span class='ocrx_word' id='word_1_71' title='bbox 1441 937 1512 979; x_wconf 90' lang='lat' dir='ltr'>sed</span> <span class='ocrx_word' id='word_1_72' title='bbox 1546 939 1724 992; x_wconf 75' lang='grc' dir='ltr'><em>ἐφάπαξ</em></span> 
     </span>
     <span class='ocr_line' id='line_1_10' title="bbox 149 1003 1528 1059; baseline 0.003 -13"><span class='ocrx_word' id='word_1_73' title='bbox 149 1006 194 1046; x_wconf 88' lang='lat' dir='ltr'>in</span> <span class='ocrx_word' id='word_1_74' title='bbox 225 1005 303 1047; x_wconf 89' lang='lat' dir='ltr'>tali</span> <span class='ocrx_word' id='word_1_75' title='bbox 334 1018 377 1046; x_wconf 90' lang='lat' dir='ltr'><em>re</em></span> <span class='ocrx_word' id='word_1_76' title='bbox 410 1004 544 1046; x_wconf 83' lang='lat' dir='ltr'>dicere</span> <span class='ocrx_word' id='word_1_77' title='bbox 578 1003 728 1047; x_wconf 80' lang='lat' dir='ltr'>Graeci</span> <span class='ocrx_word' id='word_1_78' title='bbox 757 1004 916 1059; x_wconf 86' lang='lat' dir='ltr'>solent,</span> <span class='ocrx_word' id='word_1_79' title='bbox 949 1007 996 1045; x_wconf 84' lang='lat' dir='ltr'>ut</span> <span class='ocrx_word' id='word_1_80' title='bbox 1029 1004 1210 1054; x_wconf 72' lang='grc' dir='ltr'><em>εἶσάπαξ</em></span> <span class='ocrx_word' id='word_1_81' title='bbox 1243 1009 1284 1048; x_wconf 92' lang='lat' dir='ltr'><em>et</em></span> <span class='ocrx_word' id='word_1_82' title='bbox 1316 1006 1528 1058; x_wconf 73' lang='grc' dir='ltr'><em>καθάπαξ.</em></span> 
     </span>
    </p>
   </div>
   <div class='ocr_carea' id='block_1_5' title="bbox 150 1142 1729 1762">
    <p class='ocr_par' dir='ltr' id='par_1_5' title="bbox 150 1142 1729 1762">
     <span class='ocr_line' id='line_1_11' title="bbox 210 1142 1725 1200; baseline 0.005 -15"><span class='ocrx_word' id='word_1_83' title='bbox 210 1143 325 1186; x_wconf 85' lang='lat' dir='ltr'>Tom.</span> <span class='ocrx_word' id='word_1_84' title='bbox 362 1143 415 1185; x_wconf 89' lang='lat' dir='ltr'><em>II.</em></span> <span class='ocrx_word' id='word_1_85' title='bbox 447 1158 542 1200; x_wconf 84' lang='lat' dir='ltr'>pag.</span> <span class='ocrx_word' id='word_1_86' title='bbox 579 1142 648 1185; x_wconf 81' lang='grc'><em>58.</em></span> <span class='ocrx_word' id='word_1_87' title='bbox 681 1143 781 1186; x_wconf 72' lang='grc' dir='ltr'><em>οὕτω</em></span> <span class='ocrx_word' id='word_1_88' title='bbox 815 1144 896 1197; x_wconf 75' lang='grc' dir='ltr'><em>γάρ</em></span> <span class='ocrx_word' id='word_1_89' title='bbox 931 1144 1086 1192; x_wconf 80' lang='grc' dir='ltr'><em>ἑκόντες</em></span> <span class='ocrx_word' id='word_1_90' title='bbox 1115 1146 1445 1193; x_wconf 67' lang='grc' dir='ltr'><em>ἀκολουθήσουσιν</em></span> <span class='ocrx_word' id='word_1_91' title='bbox 1473 1149 1566 1198; x_wconf 81' lang='grc' dir='ltr'><em>ὑμῖν</em></span> <span class='ocrx_word' id='word_1_92' title='bbox 1593 1149 1725 1192; x_wconf 72' lang='grc' dir='ltr'><em>ἀπαν-</em></span> 
     </span>
     <span class='ocr_line' id='line_1_12' title="bbox 150 1213 1727 1274; baseline 0.004 -19"><span class='ocrx_word' id='word_1_93' title='bbox 150 1231 217 1261; x_wconf 89' lang='grc' dir='ltr'><em>τες</em></span> <span class='ocrx_word' id='word_1_94' title='bbox 262 1213 535 1266; x_wconf 70' lang='grc' dir='ltr'><em>θαυμάζοντες</em></span> <span class='ocrx_word' id='word_1_95' title='bbox 579 1214 645 1256; x_wconf 77' lang='grc' dir='ltr'><em>καὶ</em></span> <span class='ocrx_word' id='word_1_96' title='bbox 688 1216 954 1264; x_wconf 70' lang='grc' dir='ltr'><em>ἀγαπῶντες·</em></span> <span class='ocrx_word' id='word_1_97' title='bbox 1000 1214 1018 1257; x_wconf 79' lang='grc' dir='ltr'><em>ὃ</em></span> <span class='ocrx_word' id='word_1_98' title='bbox 1061 1215 1197 1267; x_wconf 75' lang='grc' dir='ltr'><em>μεῖζόν</em></span> <span class='ocrx_word' id='word_1_99' title='bbox 1230 1217 1286 1261; x_wconf 76' lang='grc' dir='ltr'><em>ἔςι</em></span> <span class='ocrx_word' id='word_1_100' title='bbox 1320 1224 1421 1260; x_wconf 83' lang='grc' dir='ltr'><em>τΟΤ</em></span> <span class='ocrx_word' id='word_1_101' title='bbox 1461 1225 1597 1261; x_wconf 74' lang='grc' dir='ltr'><em>ΕΙΝαι</em></span> <span class='ocrx_word' id='word_1_102' title='bbox 1632 1222 1727 1274; x_wconf 86' lang='grc' dir='ltr'><em>παρ’</em></span> 
     </span>
     <span class='ocr_line' id='line_1_13' title="bbox 151 1284 1727 1343; baseline 0.004 -16"><span class='ocrx_word' id='word_1_103' title='bbox 151 1287 244 1336; x_wconf 80' lang='grc' dir='ltr'><em>ὑμῖν</em></span> <span class='ocrx_word' id='word_1_104' title='bbox 288 1286 308 1335; x_wconf 74' lang='grc' dir='ltr'>ἢ</span> <span class='ocrx_word' id='word_1_105' title='bbox 351 1284 581 1338; x_wconf 82' lang='grc' dir='ltr'><em>δικάζεσθαι</em></span> <span class='ocrx_word' id='word_1_106' title='bbox 623 1285 815 1328; x_wconf 85' lang='grc' dir='ltr'><em>Μαλλόν.</em></span> <span class='ocrx_word' id='word_1_107' title='bbox 877 1286 1012 1328; x_wconf 82' lang='lat' dir='ltr'>Miror</span> <span class='ocrx_word' id='word_1_108' title='bbox 1056 1301 1136 1342; x_wconf 90' lang='lat' dir='ltr'><em>quo</em></span> <span class='ocrx_word' id='word_1_109' title='bbox 1179 1291 1300 1343; x_wconf 87' lang='lat' dir='ltr'>pacto</span> <span class='ocrx_word' id='word_1_110' title='bbox 1331 1293 1477 1331; x_wconf 76' lang='lat' dir='ltr'>neuter</span> <span class='ocrx_word' id='word_1_111' title='bbox 1504 1290 1651 1333; x_wconf 85' lang='lat' dir='ltr'>Editor</span> <span class='ocrx_word' id='word_1_112' title='bbox 1682 1294 1727 1334; x_wconf 89' lang='lat' dir='ltr'>in</span> 
     </span>
     <span class='ocr_line' id='line_1_14' title="bbox 151 1356 1728 1415; baseline 0.004 -17"><span class='ocrx_word' id='word_1_113' title='bbox 151 1361 315 1399; x_wconf 83' lang='lat' dir='ltr'>textum</span> <span class='ocrx_word' id='word_1_114' title='bbox 357 1358 558 1412; x_wconf 75' lang='lat' dir='ltr'>receperit</span> <span class='ocrx_word' id='word_1_115' title='bbox 590 1357 840 1411; x_wconf 80' lang='lat' dir='ltr'>palmariam</span> <span class='ocrx_word' id='word_1_116' title='bbox 873 1356 1139 1399; x_wconf 83' lang='lat' dir='ltr'>Valckenarii</span> <span class='ocrx_word' id='word_1_117' title='bbox 1171 1359 1505 1402; x_wconf 78' lang='lat' dir='ltr'>emendationem</span> <span class='ocrx_word' id='word_1_118' title='bbox 1539 1359 1555 1402; x_wconf 72' lang='grc' dir='ltr'>ὃ</span> <span class='ocrx_word' id='word_1_119' title='bbox 1589 1362 1728 1415; x_wconf 82' lang='grc' dir='ltr'><em>μεῖζόν</em></span> 
     </span>
     <span class='ocr_line' id='line_1_15' title="bbox 153 1426 1727 1484; baseline 0.004 -15"><span class='ocrx_word' id='word_1_120' title='bbox 153 1429 212 1473; x_wconf 85' lang='grc' dir='ltr'><em>ἐςι</em></span> <span class='ocrx_word' id='word_1_121' title='bbox 245 1431 313 1469; x_wconf 82' lang='grc' dir='ltr'><em>τοῦ</em></span> <span class='ocrx_word' id='word_1_122' title='bbox 350 1433 521 1469; x_wconf 71' lang='grc' dir='ltr'><strong>ΘΤΕΙΝ</strong></span> <span class='ocrx_word' id='word_1_123' title='bbox 555 1428 649 1478; x_wconf 89' lang='grc' dir='ltr'><em>παρ’</em></span> <span class='ocrx_word' id='word_1_124' title='bbox 686 1427 779 1477; x_wconf 75' lang='grc' dir='ltr'><em>ὑμῖν</em></span> <span class='ocrx_word' id='word_1_125' title='bbox 812 1427 833 1476; x_wconf 73' lang='grc' dir='ltr'>ἢ</span> <span class='ocrx_word' id='word_1_126' title='bbox 868 1426 1098 1478; x_wconf 65' lang='grc' dir='ltr'><em>δικάζεσθαι</em></span> <span class='ocrx_word' id='word_1_127' title='bbox 1133 1429 1329 1478; x_wconf 70' lang='grc' dir='ltr'><em>Μαλλόν,</em></span> <span class='ocrx_word' id='word_1_128' title='bbox 1363 1444 1487 1484; x_wconf 89' lang='lat' dir='ltr'>quam</span> <span class='ocrx_word' id='word_1_129' title='bbox 1517 1446 1727 1475; x_wconf 89' lang='lat' dir='ltr'>commen-</span> 
     </span>
     <span class='ocr_line' id='line_1_16' title="bbox 152 1498 1728 1553; baseline 0.004 -13"><span class='ocrx_word' id='word_1_130' title='bbox 152 1499 249 1540; x_wconf 88' lang='lat' dir='ltr'>dare</span> <span class='ocrx_word' id='word_1_131' title='bbox 292 1498 400 1539; x_wconf 90' lang='lat' dir='ltr'>nihil</span> <span class='ocrx_word' id='word_1_132' title='bbox 443 1511 545 1553; x_wconf 87' lang='lat' dir='ltr'>opus</span> <span class='ocrx_word' id='word_1_133' title='bbox 584 1501 668 1552; x_wconf 81' lang='lat' dir='ltr'>est,</span> <span class='ocrx_word' id='word_1_134' title='bbox 702 1499 802 1539; x_wconf 87' lang='lat' dir='ltr'>satis</span> <span class='ocrx_word' id='word_1_135' title='bbox 835 1499 948 1539; x_wconf 84' lang='lat' dir='ltr'>enim</span> <span class='ocrx_word' id='word_1_136' title='bbox 980 1501 1112 1539; x_wconf 87' lang='lat' dir='ltr'>semet</span> <span class='ocrx_word' id='word_1_137' title='bbox 1143 1499 1233 1553; x_wconf 87' lang='lat' dir='ltr'>ipsa</span> <span class='ocrx_word' id='word_1_138' title='bbox 1265 1501 1597 1543; x_wconf 87' lang='lat' dir='ltr'>commendabit:</span> <span class='ocrx_word' id='word_1_139' title='bbox 1630 1505 1728 1547; x_wconf 86' lang='lat' dir='ltr'>vide</span> 
     </span>
     <span class='ocr_line' id='line_1_17' title="bbox 152 1568 1728 1626; baseline 0.004 -15"><span class='ocrx_word' id='word_1_140' title='bbox 152 1573 295 1612; x_wconf 86' lang='lat' dir='ltr'>tamen</span> <span class='ocrx_word' id='word_1_141' title='bbox 344 1582 448 1623; x_wconf 88' lang='lat' dir='ltr'>quae</span> <span class='ocrx_word' id='word_1_142' title='bbox 496 1570 691 1610; x_wconf 86' lang='lat' dir='ltr'>continuo</span> <span class='ocrx_word' id='word_1_143' title='bbox 739 1572 992 1624; x_wconf 87' lang='lat' dir='ltr'>sequuntur:</span> <span class='ocrx_word' id='word_1_144' title='bbox 1042 1568 1120 1610; x_wconf 81' lang='grc' dir='ltr'><em>οὐδ’</em></span> <span class='ocrx_word' id='word_1_145' title='bbox 1171 1571 1344 1618; x_wconf 74' lang='grc' dir='ltr'><em>ἡντινοῦν</em></span> <span class='ocrx_word' id='word_1_146' title='bbox 1394 1569 1481 1624; x_wconf 76' lang='grc' dir='ltr'><em>ἔχει</em></span> <span class='ocrx_word' id='word_1_147' title='bbox 1527 1574 1728 1626; x_wconf 77' lang='grc' dir='ltr'><em>ὠφέλειαν</em></span> 
     </span>
     <span class='ocr_line' id='line_1_18' title="bbox 151 1639 1729 1696; baseline 0.003 -14"><span class='ocrx_word' id='word_1_148' title='bbox 151 1641 334 1682; x_wconf 83' lang='grc' dir='ltr'><em>ἐπελθεῖν</em></span> <span class='ocrx_word' id='word_1_149' title='bbox 367 1639 464 1696; x_wconf 88' lang='lat' dir='ltr'>(leg.</span> <span class='ocrx_word' id='word_1_150' title='bbox 501 1640 646 1695; x_wconf 78' lang='grc' dir='ltr'><em>ἐλθεῖν)</em></span> <span class='ocrx_word' id='word_1_151' title='bbox 690 1639 773 1681; x_wconf 78' lang='grc' dir='ltr'><em>ἐπὶ</em></span> <span class='ocrx_word' id='word_1_152' title='bbox 818 1640 1004 1681; x_wconf 90' lang='grc' dir='ltr'><em>θυσίαν</em></span> <span class='ocrx_word' id='word_1_153' title='bbox 1046 1639 1154 1692; x_wconf 78' lang='grc' dir='ltr'><em>δεῦρο</em></span> <span class='ocrx_word' id='word_1_154' title='bbox 1186 1640 1207 1689; x_wconf 74' lang='grc' dir='ltr'>ἢ</span> <span class='ocrx_word' id='word_1_155' title='bbox 1241 1641 1332 1688; x_wconf 76' lang='grc' dir='ltr'><em>τοὺς</em></span> <span class='ocrx_word' id='word_1_156' title='bbox 1365 1641 1548 1691; x_wconf 87' lang='grc' dir='ltr'><em>Ἀδανεῖς</em></span> <span class='ocrx_word' id='word_1_157' title='bbox 1581 1645 1602 1694; x_wconf 75' lang='grc' dir='ltr'>ἢ</span> <span class='ocrx_word' id='word_1_158' title='bbox 1637 1647 1729 1694; x_wconf 83' lang='grc' dir='ltr'><em>τοὺς</em></span> 
     </span>
     <span class='ocr_line' id='line_1_19' title="bbox 151 1711 363 1762; baseline -0.009 -9"><span class='ocrx_word' id='word_1_159' title='bbox 151 1711 363 1762; x_wconf 72' lang='grc' dir='ltr'><em>Αἰγαίους.</em></span> 
     </span>
    </p>
   </div>
   <div class='ocr_carea' id='block_1_6' title="bbox 151 1848 1733 2971">
    <p class='ocr_par' dir='ltr' id='par_1_6' title="bbox 151 1848 1733 2971">
     <span class='ocr_line' id='line_1_20' title="bbox 212 1848 1727 1913; baseline 0.004 -20"><span class='ocrx_word' id='word_1_160' title='bbox 212 1849 340 1893; x_wconf 83' lang='lat' dir='ltr'>Multi</span> <span class='ocrx_word' id='word_1_161' title='bbox 376 1854 474 1893; x_wconf 85' lang='lat' dir='ltr'>sunt</span> <span class='ocrx_word' id='word_1_162' title='bbox 506 1850 652 1892; x_wconf 84' lang='lat' dir='ltr'>eximii</span> <span class='ocrx_word' id='word_1_163' title='bbox 685 1854 726 1893; x_wconf 87' lang='lat' dir='ltr'><em>et</em></span> <span class='ocrx_word' id='word_1_164' title='bbox 757 1848 959 1906; x_wconf 87' lang='lat' dir='ltr'>praeclari</span> <span class='ocrx_word' id='word_1_165' title='bbox 990 1850 1073 1892; x_wconf 87' lang='lat' dir='ltr'>loci</span> <span class='ocrx_word' id='word_1_166' title='bbox 1104 1852 1149 1892; x_wconf 86' lang='lat' dir='ltr'>in</span> <span class='ocrx_word' id='word_1_167' title='bbox 1176 1850 1324 1893; x_wconf 87' lang='lat' dir='ltr'>Dionis</span> <span class='ocrx_word' id='word_1_168' title='bbox 1354 1852 1514 1894; x_wconf 68' lang='lat' dir='ltr'>Tarsiea</span> <span class='ocrx_word' id='word_1_169' title='bbox 1537 1858 1727 1913; x_wconf 70' lang='lat' dir='ltr'>secunda,</span> 
     </span>
     <span class='ocr_line' id='line_1_21' title="bbox 151 1922 1725 1977; baseline 0.005 -14"><span class='ocrx_word' id='word_1_170' title='bbox 151 1922 262 1964; x_wconf 91' lang='lat' dir='ltr'>unde</span> <span class='ocrx_word' id='word_1_171' title='bbox 305 1924 515 1977; x_wconf 89' lang='lat' dir='ltr'>optimum</span> <span class='ocrx_word' id='word_1_172' title='bbox 558 1925 598 1963; x_wconf 88' lang='lat' dir='ltr'><em>et</em></span> <span class='ocrx_word' id='word_1_173' title='bbox 641 1924 872 1977; x_wconf 85' lang='lat' dir='ltr'>sapientem</span> <span class='ocrx_word' id='word_1_174' title='bbox 909 1923 1052 1964; x_wconf 84' lang='lat' dir='ltr'>virum</span> <span class='ocrx_word' id='word_1_175' title='bbox 1098 1925 1139 1963; x_wconf 90' lang='lat' dir='ltr'><em>et</em></span> <span class='ocrx_word' id='word_1_176' title='bbox 1171 1922 1443 1965; x_wconf 85' lang='lat' dir='ltr'>admiraberis</span> <span class='ocrx_word' id='word_1_177' title='bbox 1477 1928 1518 1966; x_wconf 90' lang='lat' dir='ltr'><em>et</em></span> <span class='ocrx_word' id='word_1_178' title='bbox 1550 1929 1725 1971; x_wconf 88' lang='lat' dir='ltr'>amabis.</span> 
     </span>
     <span class='ocr_line' id='line_1_22' title="bbox 152 1992 1730 2044; baseline 0.004 -10"><span class='ocrx_word' id='word_1_179' title='bbox 152 1992 427 2035; x_wconf 86' lang='lat' dir='ltr'>Admirabilis</span> <span class='ocrx_word' id='word_1_180' title='bbox 467 1995 562 2034; x_wconf 88' lang='lat' dir='ltr'>ante</span> <span class='ocrx_word' id='word_1_181' title='bbox 606 1994 746 2034; x_wconf 86' lang='lat' dir='ltr'>omnia</span> <span class='ocrx_word' id='word_1_182' title='bbox 787 1996 849 2034; x_wconf 88' lang='lat' dir='ltr'><em>est</em></span> <span class='ocrx_word' id='word_1_183' title='bbox 891 1994 972 2035; x_wconf 85' lang='lat' dir='ltr'>viri</span> <span class='ocrx_word' id='word_1_184' title='bbox 1003 1993 1206 2044; x_wconf 72' lang='grc' dir='ltr'><em>παρρησία</em></span> <span class='ocrx_word' id='word_1_185' title='bbox 1241 1995 1346 2035; x_wconf 83' lang='lat' dir='ltr'>acris</span> <span class='ocrx_word' id='word_1_186' title='bbox 1378 1998 1419 2036; x_wconf 91' lang='lat' dir='ltr'><em>et</em></span> <span class='ocrx_word' id='word_1_187' title='bbox 1449 1995 1511 2037; x_wconf 90' lang='lat' dir='ltr'>nil</span> <span class='ocrx_word' id='word_1_188' title='bbox 1541 1998 1730 2041; x_wconf 87' lang='lat' dir='ltr'>reformi-</span> 
     </span>
     <span class='ocr_line' id='line_1_23' title="bbox 153 2063 1729 2119; baseline 0.005 -14"><span class='ocrx_word' id='word_1_189' title='bbox 153 2064 255 2105; x_wconf 86' lang='lat' dir='ltr'>dans</span> <span class='ocrx_word' id='word_1_190' title='bbox 298 2067 340 2105; x_wconf 89' lang='lat' dir='ltr'><em>et</em></span> <span class='ocrx_word' id='word_1_191' title='bbox 378 2064 538 2105; x_wconf 88' lang='lat' dir='ltr'>nemini</span> <span class='ocrx_word' id='word_1_192' title='bbox 579 2078 771 2119; x_wconf 77' lang='lat' dir='ltr'>parcens,</span> <span class='ocrx_word' id='word_1_193' title='bbox 812 2063 883 2105; x_wconf 83' lang='lat' dir='ltr'>sed</span> <span class='ocrx_word' id='word_1_194' title='bbox 915 2063 1060 2105; x_wconf 88' lang='lat' dir='ltr'>eadem</span> <span class='ocrx_word' id='word_1_195' title='bbox 1092 2067 1209 2105; x_wconf 84' lang='lat' dir='ltr'>tanta</span> <span class='ocrx_word' id='word_1_196' title='bbox 1240 2063 1413 2106; x_wconf 74' lang='lat' dir='ltr'>lenitate</span> <span class='ocrx_word' id='word_1_197' title='bbox 1448 2070 1488 2107; x_wconf 93' lang='lat' dir='ltr'><em>et</em></span> <span class='ocrx_word' id='word_1_198' title='bbox 1520 2071 1729 2112; x_wconf 80' lang='lat' dir='ltr'>suavitate</span> 
     </span>
     <span class='ocr_line' id='line_1_24' title="bbox 153 2134 1729 2196; baseline 0.004 -20"><span class='ocrx_word' id='word_1_199' title='bbox 153 2138 387 2189; x_wconf 87' lang='lat' dir='ltr'>temperata</span> <span class='ocrx_word' id='word_1_200' title='bbox 418 2138 459 2175; x_wconf 91' lang='lat' dir='ltr'><em>et</em></span> <span class='ocrx_word' id='word_1_201' title='bbox 492 2135 658 2176; x_wconf 85' lang='lat' dir='ltr'>condita</span> <span class='ocrx_word' id='word_1_202' title='bbox 689 2138 737 2176; x_wconf 89' lang='lat' dir='ltr'>ut</span> <span class='ocrx_word' id='word_1_203' title='bbox 768 2148 850 2176; x_wconf 90' lang='lat' dir='ltr'><em>non</em></span> <span class='ocrx_word' id='word_1_204' title='bbox 881 2136 991 2175; x_wconf 87' lang='lat' dir='ltr'>iram</span> <span class='ocrx_word' id='word_1_205' title='bbox 1025 2134 1292 2176; x_wconf 83' lang='lat' dir='ltr'>audientibus</span> <span class='ocrx_word' id='word_1_206' title='bbox 1326 2141 1516 2178; x_wconf 85' lang='lat' dir='ltr'>moveret</span> <span class='ocrx_word' id='word_1_207' title='bbox 1549 2139 1619 2181; x_wconf 90' lang='lat' dir='ltr'>sed</span> <span class='ocrx_word' id='word_1_208' title='bbox 1655 2155 1729 2196; x_wconf 89' lang='lat' dir='ltr'>pu-</span> 
     </span>
     <span class='ocr_line' id='line_1_25' title="bbox 156 2204 1731 2263; baseline 0.004 -16"><span class='ocrx_word' id='word_1_209' title='bbox 156 2205 298 2247; x_wconf 90' lang='lat' dir='ltr'>dorem</span> <span class='ocrx_word' id='word_1_210' title='bbox 340 2206 528 2246; x_wconf 82' lang='lat' dir='ltr'>iniiceret</span> <span class='ocrx_word' id='word_1_211' title='bbox 571 2208 612 2246; x_wconf 90' lang='lat' dir='ltr'><em>et</em></span> <span class='ocrx_word' id='word_1_212' title='bbox 654 2205 705 2246; x_wconf 87' lang='lat' dir='ltr'>ad</span> <span class='ocrx_word' id='word_1_213' title='bbox 746 2206 1048 2260; x_wconf 83' lang='lat' dir='ltr'>poenitentiam</span> <span class='ocrx_word' id='word_1_214' title='bbox 1079 2204 1264 2247; x_wconf 84' lang='lat' dir='ltr'>flecteret</span> <span class='ocrx_word' id='word_1_215' title='bbox 1295 2209 1447 2263; x_wconf 83' lang='lat' dir='ltr'>magis.</span> <span class='ocrx_word' id='word_1_216' title='bbox 1511 2208 1731 2254; x_wconf 79' lang='lat' dir='ltr'>Praeclara</span> 
     </span>
     <span class='ocr_line' id='line_1_26' title="bbox 156 2275 1729 2332; baseline 0.003 -15"><span class='ocrx_word' id='word_1_217' title='bbox 156 2279 253 2317; x_wconf 90' lang='lat' dir='ltr'>sunt</span> <span class='ocrx_word' id='word_1_218' title='bbox 284 2289 387 2331; x_wconf 90' lang='lat' dir='ltr'>quae</span> <span class='ocrx_word' id='word_1_219' title='bbox 420 2276 528 2317; x_wconf 81' lang='lat' dir='ltr'>dixit</span> <span class='ocrx_word' id='word_1_220' title='bbox 561 2275 680 2317; x_wconf 83' lang='lat' dir='ltr'>Tem.</span> <span class='ocrx_word' id='word_1_221' title='bbox 713 2275 767 2316; x_wconf 91' lang='lat' dir='ltr'><em>II.</em></span> <span class='ocrx_word' id='word_1_222' title='bbox 802 2290 894 2332; x_wconf 83' lang='lat' dir='ltr'>pag.</span> <span class='ocrx_word' id='word_1_223' title='bbox 934 2275 1007 2316; x_wconf 82' lang='lat'><em>59:</em></span> <span class='ocrx_word' id='word_1_224' title='bbox 1041 2277 1090 2322; x_wconf 81' lang='grc' dir='ltr'><em>ὡς</em></span> <span class='ocrx_word' id='word_1_225' title='bbox 1126 2275 1180 2317; x_wconf 84' lang='grc' dir='ltr'><em>τά</em></span> <span class='ocrx_word' id='word_1_226' title='bbox 1214 2292 1266 2326; x_wconf 69' lang='grc' dir='ltr'><em>γε</em></span> <span class='ocrx_word' id='word_1_227' title='bbox 1299 2280 1364 2316; x_wconf 77' lang='grc' dir='ltr'><em>νῦν</em></span> <span class='ocrx_word' id='word_1_228' title='bbox 1398 2277 1530 2327; x_wconf 73' lang='grc' dir='ltr'><em>γέλως</em></span> <span class='ocrx_word' id='word_1_229' title='bbox 1559 2280 1631 2324; x_wconf 80' lang='grc' dir='ltr'><em>ε’ςί.</em></span> <span class='ocrx_word' id='word_1_230' title='bbox 1661 2282 1729 2324; x_wconf 80' lang='grc' dir='ltr'><em>καὶ</em></span> 
     </span>
     <span class='ocr_line' id='line_1_27' title="bbox 155 2346 1728 2401; baseline 0.005 -14"><span class='ocrx_word' id='word_1_231' title='bbox 155 2346 238 2387; x_wconf 79' lang='grc' dir='ltr'><em>εἴτε</em></span> <span class='ocrx_word' id='word_1_232' title='bbox 281 2346 446 2396; x_wconf 71' lang='grc' dir='ltr'><em>Αἰγαῖοι</em></span> <span class='ocrx_word' id='word_1_233' title='bbox 490 2347 584 2397; x_wconf 79' lang='grc' dir='ltr'><em>πρὸς</em></span> <span class='ocrx_word' id='word_1_234' title='bbox 628 2346 735 2395; x_wconf 69' lang='grc' dir='ltr'><em>ὑμᾶς</em></span> <span class='ocrx_word' id='word_1_235' title='bbox 777 2347 860 2387; x_wconf 73' lang='grc' dir='ltr'><em>εἴτε</em></span> <span class='ocrx_word' id='word_1_236' title='bbox 902 2346 1108 2395; x_wconf 77' lang='grc' dir='ltr'><em>Ἀπαμεῖς</em></span> <span class='ocrx_word' id='word_1_237' title='bbox 1155 2346 1248 2397; x_wconf 77' lang='grc' dir='ltr'><em>πρὸς</em></span> <span class='ocrx_word' id='word_1_238' title='bbox 1291 2351 1519 2401; x_wconf 77' lang='grc' dir='ltr'><em>Ἀντιοχεῖς</em></span> <span class='ocrx_word' id='word_1_239' title='bbox 1553 2350 1629 2392; x_wconf 78' lang='grc' dir='ltr'><em>εἴτ’</em></span> <span class='ocrx_word' id='word_1_240' title='bbox 1665 2353 1728 2395; x_wconf 74' lang='grc' dir='ltr'><em>ἐπὶ</em></span> 
     </span>
     <span class='ocr_line' id='line_1_28' title="bbox 154 2416 1729 2474; baseline 0.004 -17"><span class='ocrx_word' id='word_1_241' title='bbox 154 2421 230 2458; x_wconf 76' lang='grc' dir='ltr'><em>τῶν</em></span> <span class='ocrx_word' id='word_1_242' title='bbox 263 2416 484 2468; x_wconf 83' lang='grc' dir='ltr'><em>πορρωτέρω</em></span> <span class='ocrx_word' id='word_1_243' title='bbox 519 2423 736 2469; x_wconf 86' lang='grc' dir='ltr'><em>Σμυρναῖοι</em></span> <span class='ocrx_word' id='word_1_244' title='bbox 772 2417 864 2468; x_wconf 72' lang='grc' dir='ltr'><em>πρὸς</em></span> <span class='ocrx_word' id='word_1_245' title='bbox 902 2417 1118 2467; x_wconf 83' lang='grc' dir='ltr'><em>Ἐφεσίους</em></span> <span class='ocrx_word' id='word_1_246' title='bbox 1153 2416 1317 2469; x_wconf 81' lang='grc' dir='ltr'><em>ἐρίζουσι</em></span> <span class='ocrx_word' id='word_1_247' title='bbox 1353 2419 1438 2468; x_wconf 79' lang='grc' dir='ltr'><em>περὶ</em></span> <span class='ocrx_word' id='word_1_248' title='bbox 1472 2419 1555 2462; x_wconf 73' lang='grc' dir='ltr'><em>ἔνου</em></span> <span class='ocrx_word' id='word_1_249' title='bbox 1590 2425 1729 2474; x_wconf 73' lang='grc' dir='ltr'><em>σκιάς,</em></span> 
     </span>
     <span class='ocr_line' id='line_1_29' title="bbox 156 2487 1731 2543; baseline 0.003 -15"><span class='ocrx_word' id='word_1_250' title='bbox 156 2488 292 2541; x_wconf 88' lang='grc' dir='ltr'><em>φασί,</em></span> <span class='ocrx_word' id='word_1_251' title='bbox 338 2488 609 2539; x_wconf 75' lang='grc' dir='ltr'><em>διαφέρονται.</em></span> <span class='ocrx_word' id='word_1_252' title='bbox 649 2488 693 2529; x_wconf 80' lang='grc' dir='ltr'><em>τὸ</em></span> <span class='ocrx_word' id='word_1_253' title='bbox 726 2488 807 2538; x_wconf 70' lang='grc' dir='ltr'><em>γαρ</em></span> <span class='ocrx_word' id='word_1_254' title='bbox 842 2487 1059 2538; x_wconf 76' lang='grc' dir='ltr'><em>προεςοὶναι</em></span> <span class='ocrx_word' id='word_1_255' title='bbox 1092 2504 1137 2528; x_wconf 83' lang='grc' dir='ltr'><em>τε</em></span> <span class='ocrx_word' id='word_1_256' title='bbox 1170 2488 1237 2529; x_wconf 76' lang='grc' dir='ltr'><em>καὶ</em></span> <span class='ocrx_word' id='word_1_257' title='bbox 1273 2495 1433 2539; x_wconf 82' lang='grc' dir='ltr'><em>κρατεῖν</em></span> <span class='ocrx_word' id='word_1_258' title='bbox 1466 2490 1603 2543; x_wconf 79' lang='grc' dir='ltr'><em>ἑτέρων</em></span> <span class='ocrx_word' id='word_1_259' title='bbox 1636 2493 1731 2536; x_wconf 84' lang='grc' dir='ltr'><em>ε’ςίν.</em></span> 
     </span>
     <span class='ocr_line' id='line_1_30' title="bbox 156 2557 1733 2606; baseline 0.004 -8"><span class='ocrx_word' id='word_1_260' title='bbox 156 2558 304 2599; x_wconf 89' lang='lat' dir='ltr'>deinde</span> <span class='ocrx_word' id='word_1_261' title='bbox 345 2559 684 2599; x_wconf 87' lang='lat' dir='ltr'>commemoratis</span> <span class='ocrx_word' id='word_1_262' title='bbox 726 2557 1052 2599; x_wconf 78' lang='lat' dir='ltr'>Atheniensium</span> <span class='ocrx_word' id='word_1_263' title='bbox 1095 2563 1137 2600; x_wconf 94' lang='lat' dir='ltr'><em>et</em></span> <span class='ocrx_word' id='word_1_264' title='bbox 1169 2558 1539 2603; x_wconf 86' lang='lat' dir='ltr'>Lacedaemiorum</span> <span class='ocrx_word' id='word_1_265' title='bbox 1571 2563 1621 2604; x_wconf 92' lang='lat' dir='ltr'>de</span> <span class='ocrx_word' id='word_1_266' title='bbox 1654 2565 1733 2606; x_wconf 49' lang='lat' dir='ltr'><em>im*</em></span> 
     </span>
     <span class='ocr_line' id='line_1_31' title="bbox 155 2629 1732 2684; baseline 0.003 -15"><span class='ocrx_word' id='word_1_267' title='bbox 155 2629 270 2684; x_wconf 86' lang='lat' dir='ltr'>perio</span> <span class='ocrx_word' id='word_1_268' title='bbox 313 2629 647 2670; x_wconf 79' lang='lat' dir='ltr'>contentionibus</span> <span class='ocrx_word' id='word_1_269' title='bbox 687 2630 749 2670; x_wconf 87' lang='lat' dir='ltr'><em>ita</em></span> <span class='ocrx_word' id='word_1_270' title='bbox 789 2630 953 2684; x_wconf 82' lang='lat' dir='ltr'>pergit:</span> <span class='ocrx_word' id='word_1_271' title='bbox 988 2629 1042 2670; x_wconf 77' lang='grc' dir='ltr'><em>τα</em></span> <span class='ocrx_word' id='word_1_272' title='bbox 1076 2629 1116 2670; x_wconf 78' lang='grc' dir='ltr'><em>δὲ</em></span> <span class='ocrx_word' id='word_1_273' title='bbox 1150 2634 1224 2670; x_wconf 77' lang='grc' dir='ltr'><em>τῶν</em></span> <span class='ocrx_word' id='word_1_274' title='bbox 1256 2633 1322 2671; x_wconf 81' lang='grc' dir='ltr'><em>νῦν</em></span> <span class='ocrx_word' id='word_1_275' title='bbox 1353 2633 1732 2684; x_wconf 64' lang='grc' dir='ltr'><em>ἀμφισβητήματα</em></span> 
     </span>
     <span class='ocr_line' id='line_1_32' title="bbox 157 2697 1732 2751; baseline 0.004 -11"><span class='ocrx_word' id='word_1_276' title='bbox 157 2699 226 2740; x_wconf 76' lang='grc' dir='ltr'><em>καὶ</em></span> <span class='ocrx_word' id='word_1_277' title='bbox 268 2697 324 2740; x_wconf 74' lang='grc' dir='ltr'><em>τα</em></span> <span class='ocrx_word' id='word_1_278' title='bbox 367 2697 482 2739; x_wconf 86' lang='grc' dir='ltr'><em>α’ίτια</em></span> <span class='ocrx_word' id='word_1_279' title='bbox 525 2704 594 2746; x_wconf 74' lang='grc' dir='ltr'><em>τῆς</em></span> <span class='ocrx_word' id='word_1_280' title='bbox 642 2699 872 2751; x_wconf 81' lang='grc' dir='ltr'><em>ἀπεχθείας</em></span> <span class='ocrx_word' id='word_1_281' title='bbox 916 2698 992 2740; x_wconf 71' lang='grc' dir='ltr'><em>κᾶν</em></span> <span class='ocrx_word' id='word_1_282' title='bbox 1037 2700 1304 2751; x_wconf 74' lang='grc' dir='ltr'><em>αἱσχυνθηναί</em></span> <span class='ocrx_word' id='word_1_283' title='bbox 1347 2717 1413 2751; x_wconf 88' lang='grc' dir='ltr'><em>μοι</em></span> <span class='ocrx_word' id='word_1_284' title='bbox 1452 2704 1561 2745; x_wconf 87' lang='grc' dir='ltr'><em>δοκεῖ</em></span> <span class='ocrx_word' id='word_1_285' title='bbox 1588 2721 1648 2751; x_wconf 84' lang='grc' dir='ltr'><em>τις</em></span> <span class='ocrx_word' id='word_1_286' title='bbox 1682 2705 1732 2747; x_wconf 69' lang='grc' dir='ltr'><em>ἂν</em></span> 
     </span>
     <span class='ocr_line' id='line_1_33' title="bbox 159 2767 1733 2824; baseline 0.004 -13"><span class='ocrx_word' id='word_1_287' title='bbox 159 2769 259 2811; x_wconf 77' lang='grc' dir='ltr'><em>ἰδών.</em></span> <span class='ocrx_word' id='word_1_288' title='bbox 304 2767 361 2814; x_wconf 78' lang='grc' dir='ltr'><em>ἕςι</em></span> <span class='ocrx_word' id='word_1_289' title='bbox 404 2769 486 2820; x_wconf 68' lang='grc' dir='ltr'><em>γὰρ</em></span> <span class='ocrx_word' id='word_1_290' title='bbox 531 2769 753 2816; x_wconf 75' lang='grc' dir='ltr'><em>ὁμοδούλων</em></span> <span class='ocrx_word' id='word_1_291' title='bbox 794 2771 888 2821; x_wconf 82' lang='grc' dir='ltr'><em>πρὸς</em></span> <span class='ocrx_word' id='word_1_292' title='bbox 921 2770 1128 2817; x_wconf 78' lang='grc' dir='ltr'><em>ἀλλήλους</em></span> <span class='ocrx_word' id='word_1_293' title='bbox 1162 2770 1360 2823; x_wconf 80' lang='grc' dir='ltr'><em>ἐριζόντων</em></span> <span class='ocrx_word' id='word_1_294' title='bbox 1395 2772 1481 2824; x_wconf 75' lang='grc' dir='ltr'><em>περὶ</em></span> <span class='ocrx_word' id='word_1_295' title='bbox 1516 2774 1630 2824; x_wconf 73' lang='grc' dir='ltr'><em>δόξης</em></span> <span class='ocrx_word' id='word_1_296' title='bbox 1664 2777 1733 2818; x_wconf 80' lang='grc' dir='ltr'><em>καὶ</em></span> 
     </span>
     <span class='ocr_line' id='line_1_34' title="bbox 159 2837 1732 2899; baseline 0.003 -18"><span class='ocrx_word' id='word_1_297' title='bbox 159 2841 372 2891; x_wconf 84' lang='grc' dir='ltr'><em>πρωτείων.</em></span> <span class='ocrx_word' id='word_1_298' title='bbox 447 2840 619 2892; x_wconf 79' lang='lat' dir='ltr'>Quaerit</span> <span class='ocrx_word' id='word_1_299' title='bbox 666 2840 834 2882; x_wconf 85' lang='lat' dir='ltr'>deinde:</span> <span class='ocrx_word' id='word_1_300' title='bbox 884 2841 925 2882; x_wconf 88' lang='grc' dir='ltr'><em>τί</em></span> <span class='ocrx_word' id='word_1_301' title='bbox 973 2837 1059 2891; x_wconf 68' lang='grc' dir='ltr'><em>οὖνς</em></span> <span class='ocrx_word' id='word_1_302' title='bbox 1109 2841 1216 2883; x_wconf 77' lang='grc' dir='ltr'><em>οὐδὲν</em></span> <span class='ocrx_word' id='word_1_303' title='bbox 1264 2843 1419 2892; x_wconf 72' lang='grc' dir='ltr'><em>ἀγαθόν</em></span> <span class='ocrx_word' id='word_1_304' title='bbox 1465 2844 1543 2887; x_wconf 81' lang='grc' dir='ltr'><em>ε’ςιν</em></span> <span class='ocrx_word' id='word_1_305' title='bbox 1592 2846 1630 2886; x_wconf 81' lang='grc' dir='ltr'><em>ἐν</em></span> <span class='ocrx_word' id='word_1_306' title='bbox 1679 2848 1732 2899; x_wconf 77' lang='grc' dir='ltr'><em>τῷ</em></span> 
     </span>
     <span class='ocr_line' id='line_1_35' title="bbox 158 2908 1733 2971; baseline 0.004 -18"><span class='ocrx_word' id='word_1_307' title='bbox 158 2911 285 2964; x_wconf 83' lang='grc' dir='ltr'><em>χρόνῳ</em></span> <span class='ocrx_word' id='word_1_308' title='bbox 327 2911 452 2963; x_wconf 82' lang='grc' dir='ltr'><em>τούτῳ</em></span> <span class='ocrx_word' id='word_1_309' title='bbox 493 2911 579 2964; x_wconf 72' lang='grc' dir='ltr'><em>περὶ</em></span> <span class='ocrx_word' id='word_1_310' title='bbox 625 2908 668 2952; x_wconf 77' lang='grc' dir='ltr'><em>οὗ</em></span> <span class='ocrx_word' id='word_1_311' title='bbox 707 2912 787 2963; x_wconf 64' lang='grc' dir='ltr'><em>χρὴ</em></span> <span class='ocrx_word' id='word_1_312' title='bbox 833 2910 1089 2963; x_wconf 73' lang='grc' dir='ltr'><em>σπουδαζειν;</em></span> <span class='ocrx_word' id='word_1_313' title='bbox 1135 2915 1176 2954; x_wconf 87' lang='lat' dir='ltr'><em>et</em></span> <span class='ocrx_word' id='word_1_314' title='bbox 1207 2914 1458 2969; x_wconf 83' lang='lat' dir='ltr'>gravissime</span> <span class='ocrx_word' id='word_1_315' title='bbox 1490 2917 1733 2971; x_wconf 83' lang='lat' dir='ltr'>respondet:</span> 
     </span>
    </p>
   </div>
  </div>
 </body>
</html>
