1946 3298
895 144 978 189 375

151 269 217 311 καὶ
260 271 317 320 μη
365 268 535 321 νομίζειν
581 269 837 322 ἀλαζονείαν.
901 270 1051 312 Paullo
1095 273 1189 311 ante
1234 271 1277 311 in
1319 271 1365 312 F.
1398 275 1602 328 scriptum
1635 277 1717 316 est:

149 341 220 387 την
251 341 382 381 αὐτῶν
426 341 722 392 πραγματείαν
769 340 889 390 οέξίοὲν
932 356 985 382 τω
1018 340 1164 390 δόξειεν
1197 338 1308 383 εἶναι,
1345 343 1495 384 misere
1528 348 1721 399 corrupta

149 410 250 452 haee
281 413 392 452 sunt.

210 548 304 591 Non
343 550 485 591 minus
526 549 636 591 male
676 548 863 592 mulcata
905 552 1003 590 sunt
1040 561 1127 604 sqq.
1162 548 1230 590 καὶ
1264 548 1384 591 τοῦτο’
1415 565 1466 600 γε
1499 549 1651 599 πάντες
1685 554 1717 594 οἱ

152 618 411 670 Πυθαγόρειοι
457 616 563 669 ὅμως
606 618 744 671 ἔχουσι
785 623 1043 668 πιςευτικῶς,
1089 619 1164 660 ubi
1204 618 1412 662 Kusterus
1443 619 1721 664 Homericum

153 690 257 738 ὁμῶς
290 689 400 730 male
445 689 688 739 substituit,
732 689 802 731 sed
842 703 982 731 merae
1013 692 1111 730 sunt
1143 689 1348 731 tenebrae.
1413 690 1556 733 Etiam
1587 693 1631 732 in
1662 694 1725 734 vi-

153 761 263 800 cinia
305 758 520 813 complura
558 762 655 800 sunt
686 773 790 814 quae
822 763 864 801 et
894 761 1281 814 interpretationem
1314 763 1355 802 et
1386 762 1721 804 emendationem

153 842 322 870 omnem
353 832 579 883 respuunt,
612 831 656 870 in
686 830 837 884 quibus
867 829 962 871 nolo
995 830 1122 872 verba
1148 830 1317 884 perdere
1345 834 1386 872 et
1419 831 1555 872 dicam
1591 832 1641 874 de
1675 834 1727 874 iis

153 902 321 940 tantum
348 899 424 940 ubi
451 898 611 953 aliquid
643 901 732 941 veri
763 900 965 954 dispicere
996 901 1128 954 potui.

210 1035 259 1078 In
291 1037 314 1091 ξ
343 1035 440 1078 139.
474 1037 518 1078 in
545 1037 589 1078 F.
621 1036 803 1094 legitur:
837 1037 1039 1089 φιλολοὶου
1067 1038 1135 1080 καὶ
1163 1038 1229 1080 τὸν
1259 1040 1364 1081 οὐθὲν
1391 1041 1593 1088 οΞπιςῆο-αι
1626 1041 1724 1083 ἀλλ’

155 1106 305 1158 ἔρεσθαι
339 1108 428 1161 (sie)
470 1107 562 1148 τίνα
604 1107 809 1158 οὲρμονιάν.
854 1106 953 1156 ἦσαν
993 1109 1034 1150 δὲ
1068 1106 1171 1150 οὗτοι
1207 1110 1431 1162 ἀμφότεροι
1474 1109 1726 1163 πυθαγόρειοι

153 1177 219 1219 καὶ
255 1178 367 1228 μαθῆ
399 1176 557 1229 εὕρυτος
591 1177 806 1230 φιλολοέου.
840 1178 946 1231 φασὶ
980 1179 1020 1220 δὲ
1054 1179 1122 1220 καὶ
1156 1180 1210 1231 τῷ
1247 1179 1461 1235 πυθαγόρα
1495 1182 1579 1223 κτὲ.

214 1316 435 1372 Sequitur:
475 1342 528 1347 —
565 1317 633 1358 καὶ
678 1317 883 1368 ἐπέρεσθαι
931 1317 1030 1374 (leg.
1069 1318 1296 1373 ἐπερέσθαι)
1337 1319 1440 1365 τίνος
1479 1324 1596 1362 τοῦτο
1645 1321 1725 1378 [τὸ]

153 1393 340 1438 σημεῖον;
376 1392 545 1443 apparet
576 1389 620 1429 τὸ
663 1388 858 1430 mendose
902 1402 989 1430 esse
1022 1391 1261 1444 repetitum.
1326 1389 1486 1431 Eodem
1529 1405 1651 1433 sensu
1682 1394 1726 1433 in

153 1459 379 1513 proximis:
423 1456 552 1509 ὥσπερ
586 1457 670 1499 οὐδὲ
715 1458 760 1499 τὸ
800 1458 887 1508 ἐμοὶ
922 1462 986 1499 νῦν
1019 1475 1062 1500 σε
1096 1459 1362 1509 διαλέγεσθαι
1397 1461 1584 1509 σημαίνει
1616 1461 1724 1503 οὐδέν

155 1527 277 1584 (nihil
296 1529 540 1583 portendit),
574 1527 695 1574 οὕτως
728 1529 811 1570 οὐδὲ
841 1529 988 1583 ἐκεῖνο,
1016 1531 1103 1571 imo
1130 1543 1227 1571 vero
1255 1528 1375 1575 οὕτως
1404 1530 1487 1572 οὐδὲ
1515 1537 1593 1572 ΤΟ
1626 1532 1723 1574 ἐκεί-

153 1604 256 1639 νΩΙ.

213 1666 530 1724 Comparandus
572 1668 688 1710 loeus
730 1670 773 1710 in
806 1670 827 1723 ξ
865 1668 961 1710 148.
996 1668 1238 1722 Πυθαγόρας
1273 1671 1475 1722 ἐρωτηθεὶς
1510 1671 1587 1713 ὑπό
1619 1689 1720 1720 τινος

153 1737 194 1779 τί
227 1738 414 1787 σημαίνει
459 1739 503 1780 τὸ
546 1739 641 1780 ἰδεῖν
685 1738 767 1793 (τὸν
809 1740 921 1794 add.)
965 1740 1109 1782 ἑαυτοῦ
1143 1741 1304 1792 πατέρα
1335 1741 1470 1783 παλαι
1503 1742 1722 1790 τεθνηκότα

153 1807 244 1849 καθ’
281 1807 423 1855 ὕπνους
459 1810 568 1860 αὐτῷ
602 1809 1012 1861 προσδιαλεγόμενον,·
1049 1811 1179 1860 οὐδέν,
1216 1812 1309 1862 ἔφη.
1344 1812 1431 1853 οὐδὲ
1463 1814 1545 1865 γαρ
1572 1811 1631 1854 ὅτι
1660 1829 1725 1863 μοι

154 1878 244 1931 ἄρτι
276 1884 419 1925 λαλεῖς
454 1879 642 1928 σημαίνει
685 1896 742 1933 τι,
779 1880 854 1920 ubi
885 1893 958 1935 pro
992 1881 1170 1922 absurdo
1203 1880 1292 1933 ἄρτι
1327 1888 1471 1929 λαλεῖς
1505 1885 1725 1925 emendan-

154 1949 258 1991 dum
291 1950 490 1992 arbitror:
524 1946 583 1990 ὅτι
613 1965 679 2000 μοι
711 1955 991 1992 ΔΙΑΛ6Γ6Ι.

212 2088 260 2130 111
292 2089 315 2144 ξ
350 2088 448 2131 140.
483 2088 528 2131 F.
574 2087 616 2137 ἦν
648 2090 665 2130 ὁ
708 2091 860 2142 πρῶτος
892 2091 1012 2132 εἰπὼν
1041 2115 1093 2122 -
1127 2091 1189 2137 τίς
1222 2092 1243 2140 ἢ
1279 2091 1516 2144 πυθαγόρας
1546 2119 1599 2124 —-
1628 2092 1726 2137 εἶναι

152 2153 306 2202 οὲπόλῗ..

211 2231 443 2272 Annotavit
474 2230 526 2272 ad
557 2230 597 2272 h.
617 2230 646 2272 1.
679 2230 952 2273 Meinersius:
989 2247 1041 2281 „a
1063 2234 1316 2286 paraffluplzo
1348 2233 1594 2275 140—148.
1629 2235 1730 2276 inci·

141 2301 211 2356 pit
253 2316 390 2343 novum
421 2301 732 2355 fraqmentzmzff'
775 2303 894 2343 ouius
939 2307 1159 2352 „auctorem
1201 2310 1239 2343 et
1279 2308 1405 2345 aetate
1430 2308 1466 2345 et
1497 2306 1729 2347 credulitate

149 2371 323 2424 Dioqeni
354 2386 433 2412 esse
453 2371 620 2425 parem’'
653 2373 884 2413 rectissime
916 2371 1086 2413 iudicat.
1138 2372 1289 2414 Omnia
1322 2387 1425 2428 quae
1458 2375 1602 2416 scribit
1633 2390 1726 2431 per-

151 2440 247 2483 inde
280 2442 422 2496 inepta
454 2444 494 2483 et
528 2440 703 2496 puerilia
733 2444 842 2482 sunt.

210 2579 258 2621 In
289 2580 311 2634 ξ
345 2579 442 2621 140.
488 2578 546 2622 ἔτι
591 2581 628 2621 ἐν
670 2582 724 2633 τῷ
765 2582 875 2622 αἰῶνι
919 2581 1204 2632 ἐξανιςοέμενος
1248 2584 1315 2625 τὸν
1356 2587 1477 2637 μηρὸν
1512 2584 1721 2639 παρέφηνε

149 2653 336 2702 χρυσοῦν.
386 2649 586 2692 Aelianus
616 2650 667 2692 V.
703 2650 759 2692 Η.
794 2650 847 2693 Π.
876 2650 948 2694 26.
975 2653 1030 2704 τῷ
1063 2654 1189 2703 οέγῶνι
1218 2652 1504 2705 ἐξανιςοὶμενος
1533 2654 1622 2697 ἔνθα
1651 2656 1718 2698 καὶ

149 2723 225 2760 τῶν
255 2724 385 2769 μηρῶν
416 2720 626 2773 παρέφηνε
659 2720 725 2762 τὸν
758 2719 885 2773 ἕτερον
917 2726 1103 2774 χρυσοῦν.
1131 2727 1172 2765 et
1199 2723 1271 2765 IV.
1304 2723 1369 2767 17.
1402 2725 1470 2767 καὶ
1498 2726 1536 2766 ἐν
1564 2730 1721 2777 Ὀλυμ-

149 2789 226 2844 πία
257 2790 297 2832 δὲ
331 2789 538 2843 παρέφηνε
573 2794 748 2844 χρυσοῦν
780 2793 846 2835 τὸν
878 2791 1006 2845 ἕτερον
1038 2798 1115 2836 τῶν
1145 2798 1287 2845 μηρῶν.
1353 2795 1630 2838 Manifestum
1658 2801 1720 2839 est

151 2858 254 2901 haee
287 2875 337 2903 ex
364 2861 509 2904 eodem
537 2861 650 2904 fonte
680 2876 882 2906 manasse.
933 2864 1052 2916 Quod
1079 2868 1221 2907 autem
1248 2865 1448 2909 Aelianus
1474 2868 1608 2922 priore
1632 2866 1721 2909 loeo
