1946 3298
851 167 935 211 429

105 297 182 340 illa
214 312 264 340 ex
294 297 361 340 his
392 309 480 340 esse
509 294 636 339 nata?
681 295 777 339 Non
807 294 997 338 multum
1027 294 1163 351 igitur
1194 309 1218 337 a
1249 309 1347 339 vero
1375 296 1585 341 aberrabit
1609 295 1683 354 qui

104 369 263 410 incerto
306 367 504 410 nebuloni
545 370 713 410 tantum
744 366 841 410 fidei
871 366 1114 408 habendum
1147 380 1233 409 esse
1266 368 1528 409 existimabit
1554 381 1682 423 quan-

106 440 202 480 tum
232 437 473 480 Phalaridis
503 437 719 494 Epistolis.

166 508 387 550 Praeterea
428 522 510 551 non
554 509 760 565 cogitavit
796 508 832 549 is
863 507 936 563 qui
966 506 1068 548 haec
1100 509 1424 557 consarcinavit,
1459 508 1495 550 si
1524 508 1683 564 Pytha-

106 592 229 636 goras
266 581 378 621 certo
412 580 537 621 sciret
568 576 628 620 ὅτι
661 578 731 620 οὐκ
763 577 822 627 εἴη
856 578 910 630 τῷ
944 576 1141 629 Φαλάριδι
1173 576 1389 629 μόρσιμος,
1421 579 1601 620 minime
1632 591 1683 620 ex

107 663 156 692 ea
182 650 415 692 constantia
443 648 588 705 colligi
605 662 723 704 posse
739 650 790 695 ὠς
808 649 1022 700 εἰλικρινῶς
1040 647 1159 696 ἀδεης
1180 644 1222 695 ἦν
1242 649 1335 700 πρὸς
1356 647 1525 691 θάνατον
1542 649 1565 703 ξ
1581 647 1683 691 220.

166 789 410 832 Revertitur
453 788 505 830 ad
541 802 615 830 nos
646 789 668 844 ᾗ
696 786 948 830 229-240.
975 787 1254 830 Aristoxenus
1281 791 1322 830 et
1347 788 1469 830 facile
1497 790 1686 845 agnosci-

107 873 205 902 mus
248 859 324 906 τας
370 859 655 912 Πυθαγορικὰς
698 857 932 911 ἀποφάσεις
970 859 1021 900 ab
1052 857 1127 900 illo
1160 859 1346 913 scriptas.
1411 858 1608 900 Primum
1640 860 1688 901 de

108 930 283 971 amicitia
315 931 338 985 ξ
369 929 470 971 230.
504 927 603 972 οὕτω
636 930 850 980 θαυμαςην
884 929 1029 982 φιλίαν
1065 928 1340 985 (Pytkayoras)
1373 928 1577 981 παρέδωκε
1603 935 1686 977 τοῖς

107 1000 327 1053 χρωμένοις
350 998 426 1045 ὤςε
452 999 511 1042 ἔτι
540 999 608 1042 καὶ
634 1003 700 1041 νῦν
721 1000 814 1047 τοὺς
838 1000 1014 1046 πολλοὺς
1048 999 1186 1050 λέγειν
1218 999 1283 1041 ἐπὶ
1318 1000 1395 1041 τῶν
1427 998 1688 1052 σφοδρότερον

108 1070 339 1112 εὐνοούντων
381 1071 539 1117 ἑαυτοῖς
576 1069 635 1112 ὅτι
669 1075 746 1112 τῶν
778 1070 1057 1122 Πυθαγορείων
1090 1070 1202 1112 εἷο-ι’ν.
1266 1070 1394 1113 Vides
1427 1070 1485 1112 ἔτι
1517 1070 1585 1112 καὶ
1622 1073 1688 1112 νῦν

108 1141 159 1183 de
201 1155 283 1196 qua
327 1144 463 1184 aetate
504 1142 680 1183 dicatur.
745 1139 987 1196 Sequuntur
1026 1142 1074 1182 de
1115 1142 1260 1182 tuenda
1299 1142 1476 1183 amicitia
1517 1142 1690 1198 egregia

110 1212 315 1267 quaedam
346 1216 591 1268 praecepta,
623 1213 668 1253 in
701 1213 854 1267 quibus
887 1215 928 1254 et
959 1212 1228 1268 Pythagorae
1259 1214 1465 1267 sapientia
1505 1212 1691 1253 cernitur

111 1287 153 1325 et
194 1284 433 1326 Aristoxeni
476 1286 704 1326 venustum
746 1286 787 1324 et
830 1282 998 1339 elegans
1030 1282 1196 1324 dicendi
1228 1296 1375 1338 genus.
1438 1282 1511 1324 Bis
1543 1281 1690 1324 eadem

110 1355 289 1409 repetita
331 1353 447 1395 dedit
476 1352 735 1395 lamblichus
766 1354 788 1406 ξ
824 1352 1072 1395 101-102,
1109 1353 1404 1404 παρήγγελλον
1436 1353 1517 1405 γὰρ
1547 1353 1591 1394 ἐκ
1622 1355 1691 1405 φι-

110 1424 204 1471 λίας
251 1424 440 1472 ἀληθινῆς
489 1422 659 1475 ἐξαιρεῖν
706 1423 849 1474 ἀγῶνά
896 1440 942 1465 τε
992 1422 1059 1464 καὶ
1107 1423 1498 1473 φιλονικίαν-δια
1541 1421 1692 1464 κακίαν

109 1494 303 1546 μεγάλην
334 1511 381 1536 τε
414 1495 482 1536 καὶ
516 1493 849 1546 ἀνεπανόρθωτον.
883 1497 924 1536 et
951 1495 974 1549 ξ
1001 1492 1252 1535 230-232.
1283 1493 1597 1545 παρεκελεύοντο
1628 1491 1692 1536 οὖν

109 1567 143 1608 οἱ
185 1564 322 1617 ἀνδρες
366 1563 470 1607 οὗτοι
515 1566 557 1607 ἐκ
600 1566 746 1618 φιλίας
775 1565 963 1613 ἀληθινῆς
995 1563 1162 1616 ἐξαιρεῖν
1190 1563 1332 1614 ἀγῶνα
1363 1580 1408 1605 τε
1437 1564 1504 1606 καὶ
1535 1568 1692 1617 φιλονι-

109 1635 358 1678 κίαν-δια
403 1636 549 1677 κακίαν
591 1635 786 1686 μεγάλην
828 1651 872 1676 τε
915 1635 983 1676 καὶ
1019 1634 1353 1686 ἀνεπανόρθωτον.
1419 1635 1592 1677 Accedit
1622 1648 1693 1677 no·

109 1721 212 1749 vum
255 1707 458 1748 indicium
502 1721 551 1748 ex
592 1708 728 1761 prisco
767 1707 894 1748 verbo
924 1705 1195 1762 Pythagoreo
1227 1705 1304 1751 τας
1338 1705 1606 1755 νουθετήσεις,
1642 1702 1694 1752 ἃς

110 1777 155 1827 δη
198 1783 594 1819 ΠΕΔΛΡΤΑΟΕΙΟ
638 1775 805 1818 ἐκάλουν
850 1777 999 1818 ἐκεῖνοι.
1046 1777 1069 1830 ξ
1114 1775 1195 1817 101
1237 1779 1278 1818 et
1311 1774 1413 1817 231.
1448 1776 1558 1831 quod
1592 1776 1694 1818 satis

111 1852 174 1892 est
205 1850 446 1905 argumenti
482 1851 695 1890 auctorem
727 1848 856 1889 huius
886 1849 948 1889 rei
980 1847 1024 1888 in
1057 1845 1234 1889 Graecia
1265 1848 1425 1889 maiore
1457 1847 1600 1888 fuisse.

171 1919 372 1961 Eiusdem
416 1920 695 1975 praestantiae
737 1921 835 1960 sunt
876 1921 918 1960 et
949 1932 1047 1959 cum
1080 1917 1426 1973 praecedentibus
1458 1917 1695 1959 arctissimo

112 1990 282 2034 vinculo
329 1989 523 2046 copulata
568 2003 673 2045 quae
719 1988 923 2045 leguntur
964 1989 1009 2030 in
1051 1988 1074 2042 ξ
1116 1986 1217 2029 232.
1266 1987 1414 2039 ἔχθραν
1446 1987 1589 2030 ἑκόντα
1619 1987 1696 2037 μὲν

113 2061 316 2111 μηδέποτε
361 2060 539 2112 αἴρεσθαι
585 2060 680 2112 πρὸς
718 2059 809 2106 τοὺς
843 2061 900 2110 μη
934 2058 1081 2105 τελέως
1116 2057 1286 2105 κακούς,
1318 2057 1518 2110 ἀράμενον
1551 2059 1591 2100 δὲ
1623 2057 1696 2109 με’-

113 2147 189 2173 νειν
238 2132 407 2182 εὐγενῶς
458 2132 496 2172 ἐν
549 2131 602 2183 τῷ
651 2130 916 2178 διαπολεμεῖν
960 2128 1010 2170 ἂν
1053 2129 1111 2179 μη
1154 2128 1372 2181 μεταπέση
1414 2129 1459 2170 τὸ
1503 2127 1588 2178 ἦθος
1623 2131 1694 2171 τοῦ

113 2201 401 2253 διαφερομένου
436 2201 503 2243 καὶ
539 2200 808 2252 προσγένηται
844 2199 1157 2251 εὐγνωμοσύνη,
1192 2213 1321 2254 quae,
1354 2203 1404 2241 ut
1435 2202 1577 2242 omnia
1605 2201 1696 2243 veri

111 2272 403 2329 Pythagorae,
446 2286 528 2314 non
571 2275 739 2314 tantum
782 2272 826 2313 in
865 2271 941 2313 illa
984 2275 1174 2326 tempora
1216 2274 1258 2313 et
1300 2272 1344 2312 in
1376 2270 1473 2313 illos
1504 2271 1696 2314 homines

113 2345 268 2399 scripta
310 2346 430 2392 sunt,
477 2342 548 2385 sed
590 2343 634 2383 in
676 2356 799 2384 omne
840 2356 992 2384 aevum
1037 2344 1251 2383 saniorum
1282 2341 1508 2383 hominum
1541 2343 1696 2385 animis

111 2415 324 2469 inscripta.
397 2413 513 2455 Haec
571 2414 713 2455 omnia
758 2414 893 2469 igitur
938 2413 983 2453 in
1030 2412 1271 2454 Aristoxeni
1318 2411 1556 2468 fragmenta
1601 2415 1695 2456 tuto

113 2484 326 2527 transferri
357 2486 544 2538 possunt.

173 2554 356 2597 Additur
391 2554 456 2595 his
487 2553 604 2596 locus
635 2553 658 2608 ξ
690 2552 789 2594 233.
826 2553 1081 2595 nominatim
1115 2567 1165 2595 ex
1197 2553 1447 2596 Aristoxeno
1483 2553 1694 2610 prolatus:

113 2623 360 2678 Ἀριςόξενος
394 2625 431 2665 ἐν
462 2625 516 2675 τῷ
551 2623 638 2674 περ)
672 2625 948 2675 Πυθαγορικοῦ
980 2624 1072 2674 βίου
1107 2625 1229 2669 αὐτὸς
1265 2624 1515 2672 διακηκοέναι
1555 2625 1695 2679 φησίν.

114 2696 311 2738 Primum
341 2697 451 2737 inter
481 2708 524 2736 se
557 2694 826 2749 comparandi
857 2696 955 2735 sunt
987 2694 1069 2736 duo
1101 2697 1229 2737 testes

474 2858 508 2891 οὐ
532 2859 597 2901 γάρ
623 2871 664 2899 με
690 2857 826 2896 κτενέεις
852 2856 922 2891 ἐπεὶ
947 2856 985 2891 οἱ]
1006 2871 1058 2893 τοι
1083 2861 1236 2903 μόρσιμός
1261 2861 1334 2901 εἶμι.

117 2916 169 2949 καὶ
194 2917 286 2951 εἲπὼν
311 2921 422 2952 ταῦτα
447 2919 602 2963 ἠφανίσθη
630 2921 688 2952 τοῦ
714 2918 904 2962 δικαςηριόυ.
