1946 3298
858 178 942 221 41¹7

114 301 284 350 ἐκείνους
316 303 366 351 ὠς
396 301 610 357 ἐνδέχεται
643 302 830 356 mimm-
865 303 883 345 ὃ
916 302 1039 352 αὐτὸς
1074 303 1113 346 δὲ
1143 302 1264 356 λόγος
1297 302 1366 346 καὶ
1394 303 1481 358 περὶ
1509 299 1682 352 θωπείαις

112 373 181 415 καὶ
225 373 394 423 δεήσεως
433 375 503 417 καὶ
543 375 755 423 λιτανείας
798 373 865 416 καὶ
909 372 1072 416 πάντων
1113 378 1190 415 τῶν
1220 372 1418 416 τοιούτων.
1453 377 1495 416 et
1525 376 1548 429 ξ
1580 374 1681 420 226.

114 442 272 486 Οἵκτων
315 444 357 486 δὲ
399 445 466 487 καὶ
513 446 689 498 δακρύων
729 444 798 487 καὶ
834 443 995 486 παντων
1027 448 1104 486 τῶν
1137 445 1320 486 τοιούτων
1353 444 1555 495 εἴργεσθαι
1589 445 1682 493 τοὺς

111 512 256 566 ἄνδρας
291 515 459 563 ἐκείνους
491 516 632 569 φασίν.
668 515 890 567 οέπείχοντο
923 514 965 556 δὲ
997 514 1066 557 καὶ
1102 515 1269 563 δεήσεων
1301 515 1370 556 καὶ
1402 515 1578 557 ἱκετειῶν
1611 515 1681 557 καὶ

111 585 247 633 πάσης
278 590 350 633 τῆς
383 588 574 635 τοιαύτης
608 585 860 638 οένελευθέρου
894 584 1068 632 θωπείας
1100 587 1151 631 ὡς
1179 583 1371 637 οένοένδρου
1399 585 1467 627 καὶ
1485 589 1680 633 ταπεινῆς

110 654 244 703 οὔσης.
278 660 319 698 et
349 657 373 712 ξ
408 656 503 699 198.
541 657 697 699 Οἵκτων
732 657 772 699 δὲ
805 656 872 699 καὶ
906 655 1082 707 δακρύων
1109 655 1175 697 καὶ
1204 655 1366 698 πάντων
1395 659 1470 698 τῶν
1497 655 1682 698 τοιούτων

109 725 313 778 εἴργεσθαι
355 728 446 773 τοὺς
489 725 657 779 ἄνδρας,
703 741 808 782 quae
851 728 1085 769 arctissime
1130 726 1350 769 cohaerent
1386 740 1482 768 cum
1512 740 1681 782 praece—

108 797 302 838 dentibus
343 797 366 852 ξ
400 797 499 839 197.
540 797 714 849 λέγεται
759 798 799 839 δὲ
838 797 907 839 καὶ
950 797 1050 840 τάδε
1090 797 1177 849 περὶ
1218 802 1293 839 τῶν
1323 797 1600 850 Πυθαγορείων
1629 799 1681 846 ὠς

107 866 200 909 οὔτε
241 866 394 916 οἰκέτην
427 867 620 911 ἐκόλασεν
651 868 776 915 οὐδεὶς
810 859 942 910 αὖτῶν
977 869 1044 910 ὑπ’
1077 869 1197 920 ὀργῆς
1232 867 1447 919 ἐχόμενος,
1482 866 1575 910 οὔτε
1601 871 1679 909 τῶν

108 936 319 989 ἐλευθέρων
351 938 580 987 ἐνουθέτησέ
612 955 704 981 τινα
723 964 793 981 -.
815 937 985 980 ἐκάλουν
1017 938 1058 980 δὲ
1090 938 1135 980 τὸ
1164 939 1356 981 νουθετεῖν
1383 936 1680 990 πεδαρτᾶν,

111 1007 406 1060 -Σπίνθαρος
448 1012 547 1059 γοῦν
589 1010 767 1061 διηγεῖτο
811 1008 1013 1055 πολλάκις
1056 1008 1143 1061 περὶ
1177 1008 1381 1062 Ἀρχύτου
1414 1009 1500 1050 κτὲ.
1567 1007 1682 1060 Quae

107 1078 347 1120 Aristoxeni
379 1093 465 1121 esse
497 1079 679 1122 declarat
704 1081 893 1135 primum
926 1080 1089 1134 antiqui
1112 1079 1308 1122 vocabuli
1332 1078 1539 1131 πεδαρτᾶν
1566 1091 1681 1119 men-

107 1149 189 1198 tio,
224 1147 373 1192 deinde
404 1151 536 1205 patris
567 1149 785 1205 Spinthari
812 1151 1180 1205 commemoratio,
1210 1164 1260 1192 ex
1285 1163 1366 1205 quo
1396 1163 1438 1192 se
1465 1148 1681 1204 complura

108 1217 301 1261 didicisse
331 1233 414 1262 non
445 1220 576 1262 semel
608 1223 652 1262 in
684 1224 771 1263 tam
805 1221 949 1276 paucis
982 1222 1231 1279 fragmentis
1262 1222 1462 1265 narravit.

165 1356 344 1401 Accedit
374 1366 573 1416 quartum
604 1361 898 1403 testimonium
932 1374 982 1403 ex
1013 1360 1249 1418 Porphyrio
1281 1361 1303 1416 ξ
1334 1360 1404 1403 59.
1432 1357 1681 1413 Ἀριςόξενος

108 1429 305 1481 -φησὶν
352 1428 493 1479 οὕτως·
537 1430 695 1474 Οἵκτων
737 1432 806 1473 καὶ
849 1431 1026 1485 δακρύων
1071 1431 1138 1474 καὶ
1182 1430 1343 1474 πάντων
1386 1432 1464 1473 τῶν
1495 1429 1681 1473 τοιούτων

107 1497 309 1551 εἴργεσθαι
353 1502 444 1549 τοὺς
488 1501 633 1555 ἄνδρας
668 1502 845 1550 ’ἐκείνους
886 1504 936 1549 ὡς
970 1502 1182 1555 ἐνδέχεται
1217 1501 1398 1553 μοὶλιςα.
1434 1502 1451 1543 ὃ
1486 1502 1609 1550 αὐτὸς
1642 1500 1683 1543 δὲ

105 1568 226 1621 λόγος
260 1572 327 1614 καὶ
363 1572 452 1625 περὶ
487 1572 661 1620 θωπείας
696 1573 764 1615 καὶ
799 1572 968 1622 δεήσεως
1001 1573 1069 1615 καὶ
1105 1572 1269 1615 πάντων
1301 1577 1377 1615 τῶν
1409 1571 1608 1615 τοιούτων.

163 1641 385 1686 Praeterea
416 1643 686 1699 comparandi
719 1647 816 1687 sunt
847 1643 893 1686 hi
926 1643 1028 1686 loci:

164 1710 388 1755 IAMBmcfl.
421 1715 444 1768 ξ
509 1713 578 1756 36.
616 1740 668 1745 -
704 1715 920 1757 PORPHYR.
955 1713 1025 1756 25.

508 1784 578 1827 60.
614 1811 667 1816 —
805 1817 827 1836 ,‚
952 1783 1021 1828 23.
1058 1784 1129 1827 24.

267 1886 288 1903 ‚‚
506 1853 576 1897 63.
613 1880 666 1886 -
805 1888 826 1906 „
953 1854 1025 1898 26.
1056 1853 1129 1898 27.

264 1957 285 1975 υ
507 1925 578 1970 67·
608 1951 664 1958 ·-·
776 1938 822 1977 ¹„
950 1925 1021 1968 30·
1055 1925 1127 1968 31.

266 2027 287 2045 ,,
505 1996 575 2039 98.
611 2022 664 2028 -
801 2029 822 2047 „
951 1996 1021 2039 39.

265 2098 285 2115 ‚,
476 2067 575 2110 100.
611 2092 665 2098 -
719 2067 866 2110 Iambl.
917 2066 1016 2109 149.

267 2167 286 2185 ,‚
474 2136 572 2179 105.
604 2162 662 2168 —
796 2169 817 2188 ‚,
914 2136 1017 2182 227.

474 2206 572 2249 134.
608 2233 660 2238 -
690 2207 898 2264 Porphyr.
947 2205 1016 2250 2¹7.
1052 2206 1123 2250 28.
1158 2207 1228 2249 29.

476 2276 576 2319 139.
612 2302 666 2308 —-
721 2277 872 2320 Iambl.
925 2277 1023 2320 148.

265 2379 285 2397 ‚,
475 2347 572 2389 144.
605 2371 665 2377 ·--
801 2380 822 2398 ‚,
922 2347 1021 2390 150.

265 2450 283 2466 .,
472 2417 570 2460 179.
606 2443 660 2449 —-
796 2450 818 2468 „
918 2417 1015 2460 155.

264 2520 284 2539 „
472 2487 572 2530 184.
608 2514 660 2519 —
801 2521 822 2538 „
920 2488 1021 2530 251.
1055 2488 1262 2546 Porphyr.
1298 2488 1364 2532 55.

264 2591 285 2608 „
474 2558 570 2601 196.
610 2584 662 2590 —
802 2591 822 2609 „
921 2558 1023 2602 224.

264 2662 285 2680 „
472 2628 573 2671 224.
609 2653 663 2659 -
801 2660 822 2678 ,,
921 2628 1019 2671 111.

263 2732 284 2750 ,,
470 2698 571 2741 239.
606 2723 660 2730 ——
799 2732 817 2753 „
917 2698 1018 2743 12⁵7.

472 2768 573 2811 252.
609 2794 662 2800 ——-
691 2769 899 2826 Porphyr.
953 2769 1020 2812 57.
1058 2769 1128 2813 58.

162 2837 298 2883 Nemo
338 2841 560 2883 mirabitur
595 2839 831 2882 Kusterum
873 2840 925 2882 ad
957 2841 980 2896 ξ
1011 2839 1081 2883 86.
1115 2841 1522 2885 stomachabundum
1555 2857 1680 2888 anno-

102 2911 391 2979 earm—„gqus
440 2911 504 2952 hio
551 2912 656 2953 loeus
700 2910 890 2965 repetitur
935 2911 1074 2968 infra,
1122 2912 1242 2955 Num.
1290 2910 1390 2956 137.
1435 2914 1538 2968 quod
1566 2919 1603 2956 et
1632 2916 1680 2957 de

233 2995 286 3029 11.
1446 2985 1486 3014 27
