1946 3298
885 126 970 171 159

134 253 394 305 τιμώμενον.”
433 253 524 296 ἀντὶ
564 257 633 297 τοῦ
675 253 951 306 ζημιούμενον.
1012 252 1063 296 In
1101 264 1412 308 quamcumque
1451 254 1494 293 te
1538 251 1702 306 partem

135 325 296 368 dederis
335 324 444 366 nihil
485 339 690 381 umquam
731 339 782 367 ex
818 325 884 366 his
915 324 1054 368 verbis
1087 322 1292 365 extundas
1325 320 1435 377 quod
1467 334 1616 363 sanum
1649 321 1705 362 sit

137 399 178 438 et
219 396 395 451 cogitari
425 396 570 449 possit.
635 394 807 437 Reiecta
836 396 971 451 igitur
1003 392 1155 435 stolida
1185 392 1527 447 interpretatione
1559 402 1708 444 quaere

134 466 275 521 potius
306 465 407 519 quid
436 464 566 506 lateat
596 466 641 507 in
674 462 923 515 Τιμώμενον.
989 464 1152 518 Nempe
1189 463 1290 504 hoc:
1324 461 1450 511 ὄνομα
1482 460 1598 511 μόνον
1626 458 1709 502 ἐςὶν

138 534 253 587 ἔργου
295 535 584 585 ΤΗΤώμενον,
626 550 762 576 nomen
797 540 852 576 est
882 535 967 576 sine
999 549 1054 575 re.
1117 533 1313 575 Priscum
1347 535 1389 574 et
1421 544 1588 574 cascum
1620 543 1710 572 ver-

136 607 240 649 bum
282 604 486 653 τητοῖσθαι
527 605 578 646 ab
617 603 747 659 Epiea
787 605 901 660 poesi
942 605 988 645 in
1026 603 1248 660 Tragioam
1281 603 1449 644 transiit
1479 604 1521 643 et
1553 614 1604 642 ex
1639 598 1712 641 So-

137 675 299 732 phoclis
330 677 371 716 et
399 673 615 729 Euripidis
646 674 852 730 frequenti
878 688 958 716 usu
984 677 1200 729 receptum
1230 676 1292 714 est
1319 674 1364 714 in
1389 670 1713 729 grandiloquam

139 747 369 788 orationem
400 743 589 786 Platonis
622 748 745 800 atque
777 745 898 794 hinc,
931 747 981 786 ut
1012 746 1152 786 omnia
1178 743 1417 792 Platonica,
1447 741 1713 797 permanavit

140 815 192 858 ad
233 828 389 857 omnes,
453 814 698 857 Notandum
735 818 798 857 est
829 818 973 857 autem
1006 817 1048 856 et
1078 814 1300 856 Platonem
1330 817 1372 855 et·
1403 812 1588 854 Platonis
1619 811 1715 852 imi-

139 888 294 928 tatores
332 898 415 927 non
456 884 540 927 alia
572 885 689 928 verbi
721 886 883 940 antiqui
914 885 1049 928 forma
1078 886 1144 927 uti
1176 898 1302 940 quam
1334 883 1555 939 participio
1589 879 1715 928 τητώ-

141 971 257 1007 μενος
301 970 449 997 carens.
512 954 654 997 Habet
686 956 798 997 enim
831 956 1031 1005 τητᾶσθαι
1056 955 1235 1010 perfecti
1266 954 1469 1010 temporis
1499 953 1715 995 notionem

143 1024 434 1085 significatque
465 1039 546 1068 non
578 1026 828 1078 ςερίο-κεο-θαι
861 1026 934 1069 sed
967 1025 1188 1079 ἐςερῆσθαι.

201 1166 371 1223 Insigne
403 1164 568 1207 Aeliani
600 1165 849 1219 κακοζηλίας
878 1166 1121 1222 exemplum
1148 1165 1309 1223 legitur
1335 1164 1447 1220 apud
1472 1163 1647 1206 Suidam
1675 1178 1716 1206 v.

140 1236 331 1284 Τίτθηε
365 1232 519 1277 -ἷίσα
564 1235 604 1278 δὲ
647 1237 773 1289 οέργίοι
815 1236 1080 1288 μεμοίρανται
1131 1236 1198 1278 καὶ
1247 1236 1424 1290 ῥᾳθυμία
1473 1233 1717 1286 διέφθαρται

143 1306 337 1360 μειράκια
379 1311 471 1353 ταῖς
514 1306 672 1353 τίτθαις
715 1307 968 1357 απομύττειν
1011 1307 1080 1349 καὶ
1123 1312 1217 1353 ταῖς
1260 1305 1422 1356 γυναιξὶ
1457 1305 1587 1347 λούειν
1618 1305 1718 1346 οὶπο-

144 1378 361 1429 πέμψατε.
427 1377 491 1420 Ex
533 1378 599 1419 his
640 1383 733 1424 ταῖς
777 1379 932 1425 τίτθαις
979 1378 1233 1427 οὶπομύττειν
1279 1392 1329 1420 ex
1361 1378 1498 1432 primo
1532 1376 1641 1418 libro
1673 1376 1721 1416 de

144 1450 242 1503 Rep.
293 1452 335 1490 et
380 1454 474 1494 ταῖς
520 1447 682 1499 γυναιξὶ
733 1450 862 1491 λούειν
905 1464 955 1491 ex
996 1450 1204 1491 Phaedone
1243 1448 1419 1498 sumsit,
1466 1447 1538 1489 sed
1578 1450 1720 1489 tamen

143 1533 269 1562 nemo
302 1518 472 1561 Platoni
504 1518 751 1562 dissimilior
784 1523 847 1562 est
879 1534 1006 1576 quam
1038 1519 1253 1562 Aelianus.

204 1649 329 1705 Apud
361 1648 538 1691 Suidam
569 1663 607 1691 v.
643 1647 767 1690 Τόνον
798 1650 842 1691 in
876 1648 1043 1691 oraculo
1075 1648 1363 1691 scribendum:

388 1718 580 1767 Αἰακίδῃ,
617 1720 861 1772 ΠΕΦύλαξο
893 1725 1034 1769 μολεῖν
1067 1719 1326 1772 Ἀχερούσιον
1360 1716 1473 1770 ὕδωρ.

145 1790 284 1833 editur
326 1787 630 1845 ΠΡΟφύλαξο,
679 1791 789 1846 quod
835 1791 1062 1833 barbarum
1111 1793 1185 1833 est.
1250 1789 1411 1833 Deinde
1458 1788 1606 1845 supple
1653 1788 1722 1831 τὸν

147 1862 300 1903 εὐκλεᾶ
337 1860 703 1918 (μετα)πορεύεται
736 1861 919 1903 θάνατον.

209 1980 324 2023 Suid.
358 1996 387 2024 v
432 1986 523 2023 Τῶν
554 1981 637 2033 γαρ
671 1982 828 2026 ὑςοὲτων
859 1981 1018 2033 χΩρίς.
1051 1979 1264 2033 παροιμία.
1316 1980 1422 2023 Vide
1454 1980 1564 2022 mihi
1597 1993 1726 2035 quan-

149 2055 243 2095 tum
282 2051 474 2110 caliginis
506 2066 587 2095 una
617 2052 774 2095 vocalis
806 2056 972 2094 mutata
1000 2051 1210 2094 offundere
1241 2052 1386 2107 possit.
1451 2049 1724 2108 Legendum:

633 2126 711 2165 τῶν
742 2124 825 2176 γὰρ
861 2122 1018 2167 ὑςοίτων
1051 2129 1199 2176 χΑρις.

210 2242 455 2285 Abeurdum
472 2243 727 2287 vocabulum
745 2247 807 2287 est
821 2243 931 2299 apud
949 2243 1125 2286 Suidam
1142 2257 1182 2284 v.
1223 2245 1270 2284 'T
1285 2257 1317 2283 π
1330 2257 1348 2283 ε
1359 2256 1377 2293 ρ
1390 2256 1422 2291 μ
1435 2257 1461 2282 α
1477 2256 1495 2293 ρ
1507 2257 1537 2292 γ
1552 2239 1572 2283 ο’
1581 2257 1606 2283 τ
1617 2258 1635 2283 ε
1647 2257 1665 2293 ρ
1677 2256 1693 2282 ο
1708 2257 1727 2288 ς

151 2313 168 2354 ὁ
193 2312 546 2365 ὑπερμαινόμενος.
595 2313 745 2358 Glossa
773 2317 836 2357 est
859 2314 1099 2356 Herodotea
1129 2312 1204 2355 III.
1243 2311 1343 2354 145.
1378 2310 1727 2364 ὑπομαργότερος

150 2383 167 2425 ὁ
201 2383 551 2436 ὑπΟμαινόμενος.
618 2417 639 2436 „
651 2384 885 2438 Μαιανδρίῳ
918 2384 957 2426 δὲ
994 2380 1037 2432 ἦν
1070 2383 1274 2435 ἀδελφεὸς
1309 2381 1678 2436 ὑπομαργότερος.”

210 2507 328 2550 Suid.
362 2521 404 2548 V.
445 2505 854 2558 ’Τποκρίνεο-θαι
897 2504 942 2546 τὸ
985 2502 1378 2554 ἀποκρίνεσθαι
1411 2503 1429 2543 ὁ
1462 2502 1724 2545 παλαιοί.-

153 2578 392 2626 Θουκυδίδης
427 2583 471 2619 Ζ.
508 2577 572 2627 ,,εἶ
605 2577 639 2617 δ’
674 2576 784 2618 οὐδὲν
818 2575 1079 2626 ὑποκρίνοιντο
1115 2572 1420 2626 διεφθείροντο.”
1468 2572 1604 2615 Nemo
1636 2587 1726 2615 um-

151 2663 277 2705 quam
308 2649 545 2691 Atticorum
579 2647 687 2689 dixit
720 2646 997 2697 ὑποκρίνεσθαι
1030 2659 1105 2702 pro
1137 2645 1381 2700 respondere.
1431 2642 1586 2685 Editur
1618 2644 1729 2699 apud

152 2718 444 2775 Thucydidem
489 2716 577 2759 VII.
629 2716 698 2758 44.
744 2717 776 2758 εἶ
822 2717 863 2758 δὲ
907 2715 1021 2759 αὐτοὶ
1055 2716 1113 2767 μὴ
1149 2715 1410 2766 ὑποκρίνοιντο
1441 2713 1727 2765 διεφθείροντο,

152 2788 224 2831 sed
266 2793 327 2831 est
368 2792 490 2831 vetus
521 2787 728 2830 librorum
759 2787 961 2829 mendum
992 2800 1067 2843 pro
1106 2785 1416 2837 Ἀποκρίνοιντο.
1480 2783 1606 2840 Apud
1638 2784 1730 2827 He-

152 2859 346 2903 rodotum
372 2862 514 2904 eontra
540 2857 814 2912 ὑποκρίνεσθαι
841 2861 883 2901 et
911 2856 1115 2911 ὑπόκρισις
1146 2858 1349 2915 perpetua
1376 2857 1501 2906 sunt,
1529 2857 1571 2898 et
1595 2856 1730 2901 sicubi
