1946 3298
886 163 940 204 45

125 290 326 331 citerioris
355 290 503 331 aetatis
530 286 727 330 Graeculi
757 290 913 329 temere
938 287 1040 330 haec
1065 289 1175 329 inter
1206 302 1247 330 se
1273 290 1449 331 miscere
1475 293 1697 345 coeperunt

125 363 166 401 et
198 359 274 400 hac
307 360 552 415 contagione
585 359 739 413 scripta
770 362 960 400 veterum
992 358 1170 413 impleta
1197 362 1305 401 sunt.
1351 358 1432 400 Sed
1461 360 1559 400 audi
1587 376 1697 402 nunc

125 429 477 471 Stallbaumium:
539 434 665 483 „apte
712 429 947 481 comparavi-t
1002 428 1174 469 Ullrz'cus
1222 430 1381 470 Aoez'oela.
1430 444 1469 484 p.
1523 429 1608 472 372
1657 444 1696 472 B.

124 503 306 542 τοσοῦτον
340 498 494 541 οὶποδέω
529 502 597 541 τοῦ
626 499 839 540 δεδοικέναι
902 497 1102 540 Chariton
1132 514 1173 554 p.
1201 499 1298 540 152.
1328 503 1513 540 τοσοῦτον
1542 500 1696 541 οέποδέω

125 574 194 612 τοῦ
229 586 274 611 σε
307 569 486 612 κωλύειν.
523 595 577 602 —-
610 574 742 626 itaque
772 585 850 611 non
881 573 936 610 est
962 573 1062 624 quod
1087 571 1275 612 τοσούτου
1304 571 1444 612 invitis
1471 571 1586 612 libris
1619 586 1700 612 eor-

124 640 336 695 riya7n7ts.”

186 711 305 763 Quod
346 713 479 766 inepti
520 709 717 753 Graeculi
759 713 910 754 vitiose
943 711 1134 753 dicebant
1167 725 1213 753 eo
1246 712 1381 752 utitur
1413 712 1464 752 ad
1495 713 1698 754 mendum

124 782 329 824 librorum
361 781 549 824 Platonis
581 782 890 824 occultandum.
944 781 1054 834 Quot
1086 782 1212 823 verba
1244 785 1306 823 tot
1339 796 1494 824 errores
1527 786 1624 824 sunt
1656 784 1700 824 in

126 855 310 894 τοσοῦτον
351 852 505 894 οὶποδέω
546 858 614 894 τοῦ
659 853 884 895 δεδοικέναι.
935 852 1064 908 Saepe
1105 854 1285 894 miratus
1329 867 1424 894 sum
1466 867 1546 908 quo
1578 857 1699 908 pacto

125 923 322 966 Amioelcus
352 925 396 965 in
428 923 616 965 Platonis
658 923 857 980 Dialogos
894 925 1073 978 irrepere
1113 924 1318 978 potuerit,
1357 937 1487 978 quum
1521 926 1700 979 scriptus

127 997 182 1036 sit
230 998 317 1035 tam
361 994 537 1036 absurda
579 996 762 1036 oratione
804 998 844 1035 et
885 994 983 1035 stilo
1025 997 1262 1048 scateatque
1305 994 1512 1035 erroribus
1560 1000 1701 1036 contra

126 1069 283 1107 certam
312 1065 500 1107 Platonis
526 1068 567 1106 et
595 1066 832 1107 Atticorum
864 1066 1052 1106 omnium
1075 1064 1420 1106 consuetudinem
1438 1066 1696 1115 commissis,

126 1139 175 1176 ut
207 1135 289 1177 alio
322 1135 411 1177 loco
444 1136 494 1176 de
526 1135 730 1176 industria
763 1135 992 1176 ostendam.

186 1206 419 1248 Emendate
450 1205 609 1262 legitur
640 1205 751 1261 apud
782 1205 1110 1247 Demosthenem
1142 1219 1239 1263 pag.
1273 1204 1369 1248 107.
1409 1205 1476 1246 10.
1512 1207 1700 1248 τοσούτου

128 1276 199 1319 δέω
233 1277 390 1330 ζηλοῦν.
423 1291 460 1332 p.
499 1275 597 1320 744.
631 1273 709 1318 ὅσοι
742 1282 865 1326 μῆνες
897 1279 1036 1330 μικροῦ
1071 1277 1197 1319 δέουσι
1232 1277 1469 1326 νομοθετεῖν.
1493 1291 1534 1332 p.
1571 1276 1700 1321 1479.

128 1347 316 1389 τοσούτου
346 1347 427 1399 γὰρ
456 1346 527 1388 δέω
554 1351 672 1389 τοῦτο
690 1352 828 1388 ποιεῖν.
852 1361 892 1402 p.
913 1347 1043 1389 1015.
1063 1346 1252 1388 τοσούτου
1270 1347 1405 1395 ἐδέησε
1423 1347 1702 1398 περιγενέσθαι

127 1434 193 1468 τι,
237 1419 307 1460 sed
348 1419 498 1460 vitiose
538 1419 583 1459 in
625 1417 654 1460 S
695 1433 737 1474 p.
782 1417 881 1459 115.
922 1417 960 1459 1.
995 1419 1073 1468 ἐγὼ
1111 1418 1150 1458 δὲ
1183 1418 1371 1459 τοσούτωι
1405 1418 1488 1460 δέω.
1523 1434 1563 1474 p.
1598 1419 1699 1461 263.

129 1488 195 1531 24.
243 1489 431 1530 τοσούτωι
473 1490 556 1541 γαρ
591 1489 661 1530 δέω
696 1493 736 1531 et
768 1503 805 1544 p.
828 1488 928 1530 849.
959 1488 1030 1530 26.
1064 1491 1226 1530 τοσοῦτο
1265 1492 1334 1530 τοῦ
1371 1493 1462 1544 (pro
1495 1490 1703 1545 τοσούτου)

128 1565 292 1607 ποιῆσαι
329 1560 497 1607 ἐδέησεν.

187 1629 285 1673 Sine
314 1631 466 1673 mendo
498 1631 610 1687 apud
641 1630 862 1673 Platonem
895 1630 1054 1688 legitur
1094 1632 1138 1671 in
1171 1630 1341 1672 Menona
1374 1630 1444 1672 91.
1480 1644 1514 1672 a.
1552 1634 1704 1672 πολλοῦ

126 1717 177 1751 γε
221 1702 346 1743 δέουσι
379 1702 620 1751 μαίνεσθαι,
654 1706 695 1744 et
726 1703 883 1757 passim
915 1704 1069 1742 πολλοῦ
1105 1700 1204 1751 δέω,
1241 1704 1392 1743 πολλοῦ
1428 1718 1478 1752 γε
1512 1701 1598 1743 δέω.
1634 1703 1705 1744 sed

127 1773 323 1815 mendose
364 1775 408 1815 in
450 1773 639 1828 Apoloqia
682 1772 737 1814 35
781 1773 823 1815 d.
866 1772 983 1813 οὶλλοὶ
1017 1775 1170 1814 πολλοῦ
1206 1778 1297 1813 ΔΕΙ
1330 1769 1451 1818 οὕτως
1486 1770 1596 1824 ἔχειν
1628 1786 1702 1828 pro

130 1846 282 1884 πολλοῦ
316 1849 454 1886 ΔΕΩ.

190 1911 374 1956 Gravius
420 1915 549 1956 etiam
595 1917 790 1970 peccatur
835 1915 880 1955 in
926 1914 1106 1956 secunda
1147 1927 1321 1968 persona
1362 1917 1514 1955 πολλοῦ
1560 1921 1703 1956 ΔΕΙΟ.

129 1984 253 2041 Apud
294 1975 619 2027 Demosthenem
657 1983 686 2026 S
720 1985 889 2026 exhibet
922 1999 960 2040 p.
998 1983 1099 2026 980.
1135 1984 1191 2026 25
1227 1984 1357 2026 καίτοι
1389 1984 1547 2026 τοσούτ’
1580 1985 1703 2031 οὐδεὶς

131 2054 241 2097 ἐλέου
270 2054 372 2101 τινὸς
402 2054 511 2104 ἄξιος
542 2052 640 2097 εἶναι
659 2069 732 2111 pro
749 2055 938 2097 τοσούτου
957 2055 1050 2101 δεῖς.
1085 2055 1209 2110 Apud
1226 2054 1446 2097 Platonem
1476 2057 1520 2097 in
1538 2057 1707 2098 Menone

132 2124 202 2168 79.
248 2127 274 2169 b
317 2129 469 2168 πολλοῦ
514 2126 591 2172 δεῖς
636 2126 786 2173 εἰπεῖν,
835 2125 965 2168 Oodd.
1009 2125 1072 2167 δεῖ
1111 2125 1149 2166 σ’
1188 2126 1328 2167 εἰπεῖν.
1387 2125 1501 2179 Lysis
1534 2127 1635 2169 204.
1672 2141 1707 2169 e.

130 2200 283 2238 πολλοῦ
312 2197 392 2242 δεῖς
424 2198 468 2238 τὸ
500 2194 600 2244 εἶδος
630 2197 789 2247 οέγνοεῖν
823 2199 891 2238 τοῦ
925 2195 1082 2243 παιδός.
1117 2195 1246 2239 Oodd.
1274 2196 1354 2242 δεῖς
1386 2212 1431 2237 σε
1459 2202 1530 2239 aut
1561 2198 1623 2240 δεῖ
1647 2214 1707 2240 σε.

129 2267 176 2309 Io
219 2266 319 2309 541.
366 2282 400 2310 e.
443 2266 661 2323 ε’ἔαπατᾷς
704 2285 757 2318 με
802 2267 868 2309 καὶ
912 2269 1064 2309 πολλοῦ
1098 2267 1176 2314 δεῖς
1211 2266 1422 2315 ἐπιδεῖξαι.
1484 2268 1614 2311 Codd.
1647 2269 1710 2310 δεῖ

130 2338 166 2379 σ’
206 2337 417 2387 ἐπιδεῖξαι.
464 2339 622 2382 Eodem
664 2339 789 2382 modo
831 2339 941 2394 apud
972 2338 1197 2380 Isocratem
1232 2340 1357 2380 errari
1394 2339 1487 2382 vide
1527 2340 1571 2381 in
1602 2340 1705 2382 Nov.

129 2410 254 2452 Lecta.
291 2425 386 2468 pag.
424 2408 522 2451 528.

191 2550 295 2607 Pag.
341 2548 409 2592 71.
452 2549 491 2591 d.
536 2550 680 2591 ἐκεῖνον
723 2548 857 2598 μέντοι
892 2551 957 2591 νῦν
992 2549 1127 2597 ἐῶμεν.
1190 2548 1297 2601 Quia
1329 2551 1393 2590 νῦν
1425 2551 1703 2607 incongruum

133 2625 195 2663 est
236 2621 394 2662 scribe:
439 2620 583 2662 ἐκεῖνον
621 2620 694 2670 μὲν
726 2620 854 2662 τοίνυν
887 2621 1013 2670 ἐῶμεν
1046 2619 1180 2667 ἐπειδὴ
1215 2619 1282 2660 καὶ
1318 2618 1477 2664 dinem.
1528 2620 1707 2664 Similli-

132 2706 229 2733 mus
273 2692 372 2733 huic
412 2691 529 2733 locus
571 2694 632 2733 est
672 2692 716 2732 in
754 2691 907 2746 Hippia
936 2691 1085 2732 minore
1118 2689 1215 2732 365.
1252 2705 1286 2732 c.
1322 2690 1388 2732 τὸν
1422 2691 1494 2741 μὲν
1526 2690 1707 2744 ’Όμηρον

132 2761 261 2803 τοίνυν
288 2761 472 2812 ἐάσωμεν
502 2762 636 2810 ἐπειδὴ
664 2761 730 2803 καὶ
759 2761 957 2804 ἀδύνατον
986 2761 1244 2813 ἐπανερέσθαι
1268 2762 1310 2803 τί
1337 2777 1436 2805 ποτε
1460 2766 1549 2804 νοῶν
1565 2765 1704 2805 ταῦτα

135 2833 330 2882 ἐποίησεν.
