1946 3298
925 107 1010 149 488

243 230 484 287 Sequuntur
525 231 864 286 Ἀποφθέγματα
906 232 1128 276 Λακωνικά
1172 233 1318 277 eodem
1358 235 1481 278 modo
1523 249 1545 278 e
1587 238 1754 294 scriptis

184 299 450 345 Plutarcheis
482 304 779 346 consarcinata.

244 371 350 430 Pag.
384 373 470 415 208
503 390 534 416 c.
577 390 694 430 quum
737 375 925 428 Aqesilao
967 375 1113 416 diceret
1145 375 1314 431 aliquis:
1356 377 1657 427 “Ωμολόγηκας
1688 378 1755 420 καὶ

186 442 389 490 πολλάκις
432 443 477 485 τὸ
511 444 612 486 αὐτὸ
643 443 834 495 λέγοντος
867 445 951 486 Ναὶ
992 445 1095 492 δῆτα
1129 444 1165 487 εἴ
1196 447 1239 496 γ’
1273 444 1331 489 ἔςι
1365 446 1512 488 δίκαιον
1547 445 1687 504 (ἔφη),
1723 449 1755 490 εἲ

185 512 226 554 δὲ
256 513 314 563 μη
348 511 470 564 ἔλεξα
501 513 598 565 μέν,
633 514 882 566 ὡμολόγησα
915 516 949 557 δ’
982 514 1040 557 οὔ.
1106 515 1321 558 Emenda:
1350 518 1552 565 ”Ωμοσας
1587 523 1628 560 et
1656 523 1757 561 NA1

184 589 285 625 ΔΙΑ
318 582 355 625 εἴ
393 585 437 635 γ’
470 583 528 629 ἔςι
560 585 733 637 δίκαιον,
778 591 819 628 el:
851 586 989 636 ὤμοσα
1022 584 1059 628 δ’
1095 584 1156 627 οὔ.
1219 585 1358 638 Quam
1390 601 1511 642 saepe
1542 588 1684 638 ὤμοσα
1716 594 1758 631 et

183 653 435 705 ὡμολόγησα
473 656 642 699 confusa
673 657 829 700 fuerint
861 656 1119 699 ostendimus
1151 657 1195 699 in
1227 658 1400 699 Miscell.
1440 657 1541 700 Urit.
1575 672 1617 714 p.
1654 658 1754 701 166.

242 793 349 853 Pag.
392 794 478 838 208
507 798 545 839 d.
589 796 711 838 ὁπότε
752 797 792 839 δὲ
833 796 1044 849 ψεγόντων
1088 796 1110 845 ἢ
1155 796 1420 839 ἐπαινούντων
1464 801 1576 839 τινῶν
1620 797 1754 840 οὶκούοι

187 863 424 921 (Ayesz'laus)
471 867 549 919 οὐχ
581 866 696 916 ἦττον
730 867 826 921 ᾤετο
858 867 972 924 [δεῖν]
1012 869 1344 917 καταμανθάνειν
1378 868 1468 914 τοὺς
1502 873 1579 910 τῶν
1615 867 1756 918 λεγόν-

184 951 261 977 των
294 937 460 989 τρόπους
494 937 515 987 ἢ
551 937 638 990 περὶ
673 936 722 980 ὧν
754 938 925 989 λέγοιεν.
990 936 1129 980 Stulte
1162 938 1355 980 additum
1387 938 1465 980 δεῖν
1505 939 1756 980 sententiam

182 1004 266 1049 loci
306 1006 430 1062 plane
461 1010 674 1064 pervertit.
739 1008 961 1064 Expuncto
989 1009 1067 1051 δεῖν
1096 1011 1348 1052 sententiam
1372 1023 1460 1052 esse
1487 1010 1757 1053 verissimam

182 1077 268 1119 fere
300 1078 487 1133 quotidie
518 1093 600 1121 usu
631 1081 938 1136 cognoscimus.

243 1217 456 1269 Aqesilaus
486 1231 584 1275 pag.
618 1216 701 1259 211
734 1219 768 1260 b.
807 1218 1127 1272 μεταπεμφθεὶς
1160 1219 1202 1260 δὲ
1236 1219 1311 1261 ὑπὸ
1343 1224 1420 1262 τῶν
1454 1220 1605 1273 ἐφόρων
1638 1220 1758 1263 ἕνεκα

191 1284 301 1342 [τῆς]
333 1289 401 1329 τοῦ
435 1287 712 1339 περιεςηκότος
744 1289 816 1336 την
848 1288 1042 1342 Σπάρτην
1075 1293 1312 1339 Ἑλληνικοῦ
1347 1290 1526 1341 πολέμου
1566 1290 1756 1348 [αἱτίας].

182 1357 330 1415 Apage
357 1357 568 1401 insulsum
600 1358 954 1404 additamentum.

242 1499 348 1556 Pag.
382 1498 465 1542 211
497 1516 528 1542 e.
574 1499 794 1551 θαυμάσας
836 1498 899 1543 οὖν
941 1500 1013 1548 την
1055 1500 1216 1550 τόλμαν
1260 1501 1328 1542 καὶ
1373 1501 1510 1548 δείσας
1548 1501 1758 1545 ἐκέλευσεν

182 1571 232 1615 ὡς
265 1569 386 1622 φίλον
419 1570 630 1623 προαίρειν.
695 1570 950 1613 Mendosum
982 1574 1044 1613 est
1077 1571 1286 1623 προαίρειν.
1338 1571 1511 1630 Corrige
1544 1573 1754 1626 προάΓειν.

184 1639 295 1693 Quid
325 1642 466 1684 notius
498 1655 623 1697 quam
656 1640 850 1694 προάγειν
871 1641 1083 1696 proyredz',
1110 1657 1274 1696 peryere
1306 1642 1508 1684 ulterius?

242 1782 349 1840 Pag.
382 1781 469 1824 212
487 1784 521 1823 b.
554 1782 762 1835 Ayesz'lauc
794 1779 929 1823 ἔπεισε
961 1782 1032 1830 την
1066 1781 1252 1832 άδελφην
1282 1781 1485 1824 Κυνίσκαν
1513 1781 1606 1840 [εἷς]
1639 1780 1755 1836 ἅρμα

185 1855 436 1897 καθΙΟΑσαν
476 1852 762 1902 Ὀλυμπίασιν
801 1852 1096 1902 ἀγωνίσασθαι.
1160 1850 1267 1894 Vera
1303 1852 1428 1895 lectio
1459 1857 1521 1895 est
1552 1853 1755 1895 Κυνίσκαν

184 1923 299 1978 ἅρμα
342 1925 553 1966 καθΕΙσαν
594 1922 891 1972 Ὀλυμπίασιν.
955 1923 1185 1977 Postquam
1225 1924 1418 1964 καθεῖσαν
1449 1925 1494 1965 in
1526 1924 1756 1966 καθίσασαν

185 1999 428 2052 corruptum
469 2000 532 2037 est
562 1995 700 2036 nescio
733 1994 825 2048 quis
858 1994 912 2039 εἷς
946 1992 1130 2042 addidiss,
1175 1993 1285 2035 unde
1316 1993 1524 2049 Interpres
1556 1994 1756 2037 ridiculez

182 2067 308 2110 sorori
330 2066 535 2121 persua-sit
565 2069 608 2106 ut
641 2077 859 2106 conscenso
893 2077 1017 2104 curru
1049 2063 1156 2103 ludis
1196 2063 1404 2118 Olympias
1436 2065 1663 2107 decertaret.

241 2138 350 2181 Vera
380 2137 506 2179 lectio
539 2149 589 2177 ex
618 2136 724 2177 bono
757 2133 909 2176 Codice
942 2134 1124 2188 reposissa
1158 2138 1219 2175 est
1251 2135 1296 2174 in
1327 2136 1417 2176 vita
1451 2135 1636 2187 Ayesilai
1667 2149 1753 2192 cap.

183 2209 255 2253 20.
288 2206 403 2260 ἅρμα
443 2207 650 2247 καθεῖσαν.
712 2204 940 2259 Proprium
979 2204 1024 2244 in
1067 2217 1114 2245 ea
1155 2217 1199 2245 re
1241 2204 1419 2246 verbum
1459 2211 1521 2246 est
1553 2205 1755 2257 καθιέναι,

184 2279 385 2322 demittere
415 2278 460 2318 in
492 2279 715 2318 certamen.
763 2274 1003 2316 Alcibiades
1035 2273 1146 2329 apud
1177 2273 1471 2330 Thucydidem
1504 2275 1572 2317 VI.
1605 2275 1672 2317 16.
1707 2276 1758 2318 de

182 2349 296 2392 ludis
327 2347 585 2405 Olympicis:
620 2343 793 2398 ἅρματα
825 2345 897 2395 μὲν
932 2344 1039 2386 ἑπτα
1075 2346 1258 2395 καθῆκα,
1293 2341 1369 2386 ὅσα
1403 2344 1529 2390 οὐδείς
1564 2361 1624 2387 πω
1659 2345 1758 2388 ἰδιώ-

183 2435 255 2468 της
289 2418 493 2473 πρότερον,
528 2416 690 2465 ἐνίκησα
723 2416 764 2457 δὲ
797 2414 863 2457 καὶ
897 2415 1076 2467 δεύτερος
1112 2414 1180 2456 καὶ
1213 2415 1405 2467 τέταρτος
1441 2415 1651 2467 ἐγενόμην.

243 2559 350 2616 Pag.
386 2556 472 2599 212
505 2558 544 2599 d.
587 2555 678 2604 τοὺς
722 2555 762 2598 δὲ
806 2555 1184 2606 ὑπεναντιουμένους
1219 2556 1329 2608 αὐτῷ
1365 2560 1547 2609 φανερῶς
1579 2556 1653 2607 μὲν
1686 2557 1755 2598 οὐκ

184 2629 476 2681 ἐτάραττε,
521 2626 865 2677 διαπραττόμενος
911 2628 952 2669 δὲ
994 2625 1216 2668 ἕπεσθαι
1261 2626 1375 2674 τινας
1420 2628 1482 2668 άεὶ
1523 2627 1753 2679 ςρατηγούς

183 2701 268 2742 κτὲ.
300 2698 429 2742 Vetas
459 2698 684 2753 scripturas
716 2701 854 2740 servat
885 2699 975 2741 vita
1005 2698 1184 2752 Ayesilai
1211 2697 1404 2749 ἔβλαπτε
1433 2712 1507 2754 pro
1534 2697 1752 2751 ἐτάραττε,

184 2774 227 2815 et
258 2768 493 2822 πέμπεσθαι
523 2781 598 2823 pro
631 2764 811 2809 ἕπεσθαι.
