1946 3298
941 169 995 213 77·

184 294 331 336 statim
371 308 468 351 pag.
513 294 597 336 627
641 295 778 340 addit:
822 294 937 345 ἧττον
981 296 1073 346 ὑμῖν
1114 296 1224 338 δοκεῖ
1252 297 1438 348 αἰσχρόνς
1504 299 1552 341 In
1584 303 1756 357 antiqua

186 363 423 406 Graecitate
464 379 632 408 summa
674 369 904 408 constantia
945 368 1055 409 inter
1095 381 1137 409 se
1179 372 1443 423 opponuntur
1484 371 1517 411 οἱ
1556 372 1755 422 κρείττους

188 459 242 467 -—
266 436 299 477 οἱ
335 434 475 483 ἥττους
508 440 549 478 et
581 438 612 478 οἱ
647 439 810 483 πλείους
836 462 890 469 —-
918 438 951 479 οἱ
985 436 1196 485 ἐλάττους.

245 575 349 633 Pag.
397 573 496 618 62¹7.
541 575 579 632 (ἡ
612 575 734 630 οἰκία)
766 574 856 620 ἔςαι
887 579 956 618 τοῦ
991 579 1389 630 κληρονομήσΟΝτος
1426 578 1446 626 ἢ
1481 581 1550 620 τοῦ
1583 581 1758 630 πριαμέ-

187 663 264 689 νου.
327 646 561 696 Futurum,
605 646 714 701 quod
753 650 815 688 est
855 649 899 688 in
940 646 1149 703 plerisque
1190 648 1310 690 libris
1351 663 1425 705 pro
1460 656 1760 701 -CANTOC,

185 730 319 758 nonne
359 717 581 758 manifesto
623 717 852 759 absurdum
896 717 985 761 est?
1047 719 1194 761 Ἐπαινῶ
1233 720 1397 762 heredis
1431 720 1540 762 nihil
1572 725 1654 772 est3
1690 723 1761 764 sed

187 787 419 829 scribarum
459 786 633 829 libidine
671 811 695 819 -
714 803 848 835 σοντες
892 792 934 830 et
967 813 992 821 -
1010 805 1156 836 σαντες
1188 790 1344 845 ubique
1371 793 1600 834 miscentur
1632 795 1760 835 etiam

188 872 286 899 cum
326 858 607 901 barbarismo:
652 859 849 906 δώσαντες
893 861 939 901 in
980 860 1099 902 libris
1142 875 1223 903 non
1266 866 1328 904 est
1368 877 1534 918 rarum,
1577 867 1618 905 et
1650 865 1761 920 apud

185 928 511 971 Demosthenem
559 929 890 980 συμπνευσόντων
937 930 986 973 ἄν
1032 946 1164 987 usque
1211 932 1262 975 ad
1307 933 1546 977 Dobraeum
1593 934 1761 977 offendit

186 1012 412 1041 nemmem.

249 1138 357 1182 Ibid.
399 1140 470 1189 τὴν
514 1138 650 1182 εἰκόνα
693 1141 762 1182 οὐκ
806 1139 886 1185 ἕςιν
929 1140 1051 1183 οὐδενὶ
1091 1141 1227 1194 δικαίῳ
1259 1144 1547 1186 ΜΕΤΑθεῖναι
1582 1144 1764 1198 καθάπερ

189 1212 260 1258 τὴν
301 1210 440 1252 οἰκίαν.
505 1211 599 1253 Imo
642 1216 784 1253 contra
825 1216 909 1262 est,
955 1216 1140 1255 statuam
1188 1219 1439 1268 transponere
1489 1217 1761 1275 (μεταθεῖναι)

188 1282 343 1338 possis,
388 1281 562 1323 domum
604 1296 685 1323 non
725 1284 870 1337 possis.
934 1283 1027 1324 Non
1069 1283 1146 1325 hoc
1189 1284 1294 1326 dicit
1333 1284 1435 1335 Dio,
1474 1287 1660 1342 inquies,
1695 1288 1767 1330 sed

189 1354 379 1395 alienare.
443 1353 615 1404 Fateor,
650 1353 722 1395 sed
751 1353 987 1409 appellatur
1017 1354 1095 1396 hoc
1129 1352 1285 1397 Graece
1318 1361 1560 1400 ΜΕΘεῑνοιι.

249 1492 353 1550 Pag.
400 1490 498 1533 635.
543 1492 592 1533 de
624 1491 719 1549 lege
750 1492 953 1547 Leptinea
985 1492 1072 1545 περὶ
1107 1497 1182 1534 τῶν
1214 1494 1405 1536 ἀτελειῶν
1432 1497 1493 1537 ita
1525 1497 1692 1539 scribit:
1727 1498 1768 1539 τί

187 1559 274 1614 οὗνς
318 1561 396 1604 ἔσθ’
431 1559 536 1610 ὅπως
571 1562 846 1615 παρεδέξαντο
880 1563 946 1605 τὸν
977 1563 1114 1614 νόμον;
1150 1565 1361 1620 οὐμενοῦν,
1395 1567 1493 1607 ἀλλ’
1525 1566 1631 1608 ἓοέλω
1665 1584 1766 1620 γρα-

188 1639 285 1687 φῆς.
335 1635 508 1675 Ἀλῶνοιι
544 1647 641 1676 cum
669 1636 858 1691 genitivo
886 1635 996 1690 apud
1020 1634 1189 1677 Veteres
1215 1635 1323 1677 nihil
1351 1640 1435 1687 est3
1466 1638 1576 1693 apud
1607 1641 1768 1694 sequio—

186 1719 252 1747 res
285 1704 439 1746 οὶλῶναί
471 1720 572 1752 τινος
605 1707 834 1747 sexcenties
869 1705 1029 1762 legitur
1060 1719 1134 1761 pro
1169 1706 1393 1757 ἐρασθῆναι.
1461 1707 1570 1759 Quid
1606 1709 1768 1766 igitur?

187 1789 272 1817 una
311 1774 483 1817 litet-ula
520 1779 702 1818 correcta
734 1777 856 1818 scrib.
890 1776 996 1818 ἓοὲλω
1031 1780 1252 1829 γραφΕΙΟ.
1287 1779 1305 1818 ὁ
1339 1777 1453 1828 νόμος
1487 1779 1568 1832 γαρ
1602 1779 1766 1832 ἐγράφη

191 1847 435 1898 παρανόμων
469 1846 537 1887 καὶ
572 1846 749 1899 γραφεὶς
785 1847 905 1888 ἓοὲλω.

250 1916 352 1959 Post
399 1931 533 1973 pauca
579 1916 676 1971 φέρε
725 1918 876 1969 τοίνυν,
925 1920 1085 1973 inquit,
1136 1918 1384 1972 συμβάλετε
1432 1924 1548 1963 τοῦτο
1591 1921 1636 1962 τὸ
1687 1923 1767 1970 ἔθος

192 1988 322 2039 ἐκείνῳ
370 1988 424 2040 τῷ
472 1988 595 2040 νόμῳ,
649 1987 724 2030 κᾶν
768 1989 842 2039 μὲν
891 1989 984 2039 ὑμῖν
1031 1989 1142 2031 κατοέ
1190 2006 1227 2031 τι
1273 1990 1500 2047 <palium-oct,
1543 1991 1768 2044 Φυλάξατε

192 2059 294 2100 αὐτό
327 2084 408 2108 -,
453 2059 523 2100 εὀὶν
568 2058 608 2100 δὲ
653 2066 854 2112 πανταχῇ
904 2059 1165 2110 σκοπούμενοι
1216 2067 1422 2103 ΧΕΙΡΟΝ
1472 2062 1679 2114 εὑρίσκητε
1712 2089 1766 2095 -

191 2129 362 2171 λύσατε.
453 2129 586 2171 Periit
643 2130 897 2173 vocabulum
945 2132 997 2173 ad
1045 2133 1297 2174 sententiam
1343 2135 1648 2182 necessarium,
1697 2135 1770 2177 sed

189 2200 307 2242 nullo
350 2202 519 2257 negotio
559 2202 604 2242 in
636 2204 725 2243 tam
757 2203 975 2258 perspicua
1005 2204 1263 2257 oppositione
1296 2218 1346 2245 ex
1378 2203 1480 2260 fuga
1512 2205 1669 2247 retrahi
1696 2220 1768 2261 po-

191 2274 286 2314 test.
351 2270 642 2327 Supplendum
687 2274 821 2314 enim:
866 2271 942 2314 κᾶν
984 2273 1057 2323 μὲν
1102 2273 1196 2322 ὑμῖν
1238 2274 1529 2316 ”ΑΜΕΙΝΟΝ
1571 2275 1685 2319 κατα
1728 2293 1767 2318 τι

190 2342 406 2395 φαίνηται.
470 2341 593 2383 Nunc
639 2342 812 2384 demum
859 2342 971 2385 κατα
1018 2359 1057 2385 τι
1105 2344 1206 2399 quid
1252 2345 1308 2386 sit
1348 2345 1618 2402 intelligitur.
1684 2346 1769 2390 Cur

189 2413 448 2456 interciderit
504 2411 663 2464 ἄμεινον
720 2415 952 2470 perspicere
1012 2414 1123 2456 mihi
1180 2415 1335 2457 videor.
1418 2415 1634 2472 Scriptum
1681 2422 1769 2461 erat

194 2485 307 2534 ὑμεῖν
348 2482 469 2534 ἄμειν
515 2498 613 2526 cum
656 2488 828 2527 accentu
866 2486 989 2542 gravi
1022 2501 1060 2526 ον
1094 2484 1379 2542 significante,
1417 2489 1457 2528 et
1489 2486 1644 2543 duplex
1676 2505 1766 2539 μειν

193 2555 373 2597 scribam
404 2554 568 2596 fefellit.
633 2555 830 2605 Ἀμείνων
863 2560 1006 2597 autem
1038 2558 1080 2598 et
1111 2555 1285 2606 βελτίων
1319 2556 1429 2612 apud
1459 2555 1638 2600 Dionem
1675 2574 1769 2616 pro-

192 2627 353 2667 miscue
391 2626 492 2680 poni
533 2624 687 2676 solent,
731 2625 867 2669 veluti
904 2640 1002 2683 pag.
1046 2625 1143 2668 640.
1182 2628 1224 2668 οὐ
1259 2626 1376 2676 μόνον
1408 2627 1593 2677 οὲμείνους
1628 2630 1767 2682 ἀνθρώ-

193 2712 290 2743 πους
323 2695 473 2737 ἀδικεῖν
496 2721 554 2727 -
581 2697 697 2738 οὲλλοὶ
730 2696 798 2738 καὶ
827 2696 901 2738 ὑπὸ
934 2697 1152 2747 βελτιόνων
1184 2693 1227 2738 εὖ
1258 2697 1455 2750 πάσχειν.

253 2834 358 2892 Pag.
408 2833 506 2877 643.
556 2838 717 2877 πολλῶν
764 2834 882 2877 ὄντων
925 2837 1038 2878 κατα
1087 2837 1158 2885 τὴν
1206 2835 1322 2878 πόλιν
1366 2836 1438 2889 ἐφ’
1481 2834 1536 2885 οἷς
1575 2837 1766 2882 ἅπαΕΙΝ

197 2905 374 2956 εὐλόγως
424 2905 686 2957 σεμνύνεσθε,
737 2906 838 2962 quid
882 2907 964 2949 sibi
1011 2907 1106 2950 vult
1146 2904 1302 2951 ἅπασιν
1343 2908 1432 2949 sine
1478 2922 1600 2952 sensu
1653 2910 1765 2954 addi-
