1946 3298
930 149 1011 202 lsi

186 282 296 340 apud
336 284 665 327 Demosthenem
708 286 868 342 legitur
906 289 947 327 et
979 287 1151 327 caeteris
1182 287 1377 329 omnibus
1407 287 1647 330 inauditum
1681 290 1754 330 est.

247 424 494 480 Harpocrat.
527 440 569 468 v.
614 426 1038 478 Ὀλιγωρήσετεί
1080 426 1170 467 οέντὶ
1205 430 1273 468 τοῦ
1319 427 1635 476 ἀμελήσετε
1676 436 1758 477 Δη-

182 495 386 544 μοσθένης.
451 496 586 538 Miror
628 497 780 551 quibus
822 496 992 538 tandem
1033 496 1259 538 lectoribus
1305 497 1406 539 haec
1454 499 1607 553 scripta.
1653 501 1752 541 sint.

183 564 309 620 Quis,
358 580 531 621 quaeso,
576 565 767 608 Oratores
809 568 972 608 Atticos
1012 567 1204 609 lubenter
1235 567 1379 624 legens
1407 570 1564 610 nescire
1594 573 1757 624 poterat

182 635 283 690 quid
310 640 416 678 esset
448 638 651 687 ὀλιγωρεῖν
685 640 727 678 et
758 640 821 678 tot
852 636 934 679 alia
966 637 1135 692 perinde
1167 637 1377 680 tralaticia
1408 642 1450 679 ct
1477 638 1755 695 pervulgata?

180 704 336 754 Ὀμόσε
381 706 480 748 Ξένοιι
521 707 621 762 quid
653 709 708 748 sit
741 720 907 762 operose
940 707 1122 749 declarat
1154 712 1195 749 et
1227 708 1335 758 ὀρικὰ
1371 708 1496 761 ζεύγη
1531 713 1572 751 et
1605 711 1755 760 ὀριγνη-

181 775 312 824 θῆναι,
362 778 481 831 quasi
524 777 626 818 haec
659 777 879 832 quisquam
911 778 1053 833 paullo
1086 779 1287 820 eruditior
1317 781 1509 836 ignorare
1538 782 1755 835 potuisset.

178 844 400 888 Praeterea
431 848 476 887 in
508 847 776 897 ὀλιγωρήσετε
808 847 924 888 affert
955 848 1154 890 versiculi
1184 848 1421 890 Homerici:

452 913 474 963 ἦ
506 919 643 966 ὀλίγον
676 919 707 959 οἱ
741 917 871 960 παῖδοε
905 918 1059 960 ἐοικότα
1092 920 1258 969 γείνοιτο
1292 920 1458 967 Τυδεύς.

177 988 375 1029 vitiosam
408 989 817 1043 interpretationem,
852 1003 955 1044 quae
988 990 1099 1044 apud
1126 990 1228 1032 alios
1255 991 1413 1032 multos
1442 993 1750 1034 circumfertur:

180 1056 238 1101 ἔςι
274 1057 313 1098 δὲ
348 1059 392 1100 τὸ
426 1059 569 1108 ὀλίγην
600 1059 691 1100 ἀντὶ
725 1063 794 1101 τοῦ
831 1066 983 1101 ΟΎΔΕ
1014 1060 1178 1111 ὀλίγην,
1214 1062 1332 1116 quasi
1363 1065 1470 1103 esset
1501 1077 1566 1104 res
1592 1063 1754 1119 simpli-

178 1129 345 1170 cissima
384 1131 657 1171 necessariam
702 1132 930 1172 sententiae
962 1132 1230 1186 negationem
1262 1133 1306 1172 in
1338 1131 1511 1174 dicendo
1544 1135 1752 1177 omittere.

235 1267 483 1324 Harpocrat.
515 1283 555 1312 v.
599 1271 782 1319 Ὀμοῦε
814 1295 868 1300 —
888 1269 976 1311 ἀντὶ
1010 1273 1080 1311 τοῦ
1125 1271 1220 1320 ε’γγ
1240 1269 1307 1317 ύς.
1352 1270 1410 1315 ἔςι
1445 1271 1486 1312 δὲ
1519 1273 1622 1315 πολὺ
1655 1276 1751 1325 παρ’

176 1337 391 1386 Ἀττικοῖς.
427 1339 494 1380 mci
528 1338 757 1391 Μένανδρός
791 1355 866 1381 που

535 1410 605 1458 ἤδη
640 1409 720 1461 γάρ
755 1410 812 1454 ε’ςι
845 1414 914 1452 τοῦ
948 1413 1098 1453 τίκτειν
1131 1411 1243 1461 ὁμοῦ.

233 1479 463 1521 Menander
494 1479 647 1521 dixisse
678 1480 867 1522 videtur:

533 1551 602 1600 ἤδη
637 1550 718 1602 γάρ
752 1551 832 1594 ἐςιν
866 1550 965 1606 (ἥδε)
1001 1557 1110 1592 ΤΩΙ
1144 1551 1296 1592 τίκτειν
1328 1552 1451 1601 ὀμοῦ;

231 1619 344 1662 Hinc
371 1622 524 1662 sumsit
554 1620 783 1677 Dionysius
808 1621 947 1664 Halic.
979 1635 1076 1678 pag.
1113 1621 1211 1663 198.
1246 1622 1314 1664 κοιὶ
1348 1623 1430 1675 γὰρ
1463 1623 1559 1675 ὁμοῦ
1591 1625 1665 1680 [τι]
1694 1628 1749 1679 τῷ

171 1689 323 1733 τίκτειν
354 1688 455 1732 εἷνοιι
488 1692 559 1740 την
594 1691 733 1743 κόρην,
768 1691 843 1733 ubi
874 1708 912 1734 τι
947 1694 1234 1747 expunxerim.

229 1830 477 1886 Harpocrat.
505 1846 546 1873 v.
573 1830 671 1873 ‘'O‘tz
695 1830 981 1883 ἐξοικισχίλιοιε
1002 1857 1056 1864 --
1075 1831 1134 1874 ὅτι
1158 1833 1240 1883 γόιρ
1267 1831 1531 1885 ἑξακισχίλιοι
1554 1834 1747 1879 τοέλοιντοε

171 1899 215 1949 ἦν
242 1902 287 1943 τὸ
316 1903 483 1953 τίμημοι
510 1907 582 1951 τῆς
613 1904 808 1950 Ἀττικῆς
837 1903 904 1944 καὶ
938 1904 1158 1945 λυθέντο
1176 1920 1192 1949 ς
1228 1904 1266 1944 ἐν
1293 1909 1376 1950 τοῖς
1405 1903 1494 1953 ἑξῆς
1525 1909 1594 1947 τοῦ
1622 1907 1747 1958 λόγου

168 1972 309 2026 φησίν.
357 1973 439 2015 Pro
471 1973 649 2015 absurdo
682 1972 866 2020 λυθέντος
902 1973 1208 2030 Harpocration
1238 1974 1407 2016 dederat
1434 1975 1501 2017 καὶ
1534 1983 1742 2021 ATTOC.

226 2112 474 2169 Harpocrat.
521 2125 561 2156 v.
612 2112 882 2165 Ὀο-χοφόροι;
911 2114 1112 2164 -Ἴςρος
1163 2112 1201 2154 ἐν
1247 2120 1297 2165 τῇ
1345 2115 1402 2164 ιγ’
1448 2115 1536 2165 περὶ
1584 2117 1746 2165 Θησέως

166 2183 299 2234 λέγων
331 2183 501 2236 γράφει.
566 2183 659 2225 Non
691 2187 792 2238 puto
824 2186 869 2225 in
899 2183 1007 2226 libro
1041 2183 1155 2225 XIII.
1191 2184 1241 2225 de
1275 2183 1432 2227 Theseo
1464 2185 1593 2228 fuisse
1620 2189 1746 2244 scrip-

166 2257 284 2305 tum,
329 2254 400 2296 sed
441 2256 485 2295 in
525 2255 746 2309 prioribus.
811 2254 1058 2311 Legendum
1102 2254 1280 2296 arbitror
1322 2255 1359 2295 ἐν
1402 2262 1452 2308 τῇ
1497 2257 1538 2306 γ’
1584 2257 1744 2313 (τρίτη).

165 2324 291 2367 Error
331 2325 718 2380 frequentissimus,
763 2338 889 2380 quem
932 2339 1052 2380 saepe
1095 2326 1232 2366 exemi
1276 2339 1326 2367 ex
1358 2325 1546 2382 Diogene
1577 2327 1744 2372 Laertio

167 2399 208 2437 et
245 2395 480 2445 Athenaeo,
522 2399 646 2437 natus
678 2398 740 2437 est
773 2409 822 2437 ex
855 2397 1026 2450 antiqua
1058 2396 1263 2450 scriptura
1299 2401 1522 2439 eNTHIP.
1604 2397 1748 2441 Simili

166 2479 300 2508 errore
341 2465 388 2508 V.
427 2465 672 2517 Λογοποιόςτ
694 2491 747 2496 -
781 2468 825 2507 in
856 2465 978 2508 libris
1010 2470 1074 2508 est
1106 2466 1308 2518 Ἡρόδοτος
1345 2467 1383 2508 ἕν
1414 2468 1468 2520 τῷ
1503 2474 1566 2511 ΙΒ.
1599 2483 1673 2525 pro
1706 2470 1744 2511 ἐν

165 2540 233 2579 τῶι
265 2544 309 2579 Β.

223 2676 471 2732 Harpocrat.
514 2688 553 2719 v.
599 2682 809 2723 Ποιιοινιεῖς
859 2676 999 2728 (scrib.
1050 2679 1268 2732 Ποιιοινιῆς)
1316 2676 1384 2718 καὶ
1434 2677 1742 2722 flamiam:—

164 2746 410 2799 ,,ε’γροέψοιτο
444 2748 499 2793 εἷς
526 2749 684 2798 ’Ἄρειον
713 2745 848 2797 ποὲγον
878 2747 1104 2797 Δημομέλη
1133 2749 1199 2789 τὸν
1228 2746 1469 2789 natam-‘aff’
1487 2773 1543 2780 ——
1563 2749 1741 2801 Δίδυμος

165 2817 368 2868 γραπτέον
413 2815 515 2860 simi
556 2823 658 2868 φησι
702 2817 944 2860 Ποιιοινέοι
985 2816 1107 2870 χωρὶς
1156 2821 1226 2859 τοῦ
1276 2824 1309 2859 Ι.
1375 2818 1562 2862 Stolidus
1608 2824 1742 2865 scriba

164 2886 376 2930 Dindorfio
419 2889 636 2943 imposuit.
699 2887 947 2944 Legendum
989 2890 1170 2929 Ποιιοινιοῖ
1216 2888 1339 2940 χωρὶς
1384 2893 1452 2932 τοῦ
1491 2896 1533 2932 Ε.
1571 2894 1611 2932 et
1643 2894 1744 2935 satis
