1946 3298
890 158 975 201 319

145 287 255 343 quod
295 286 503 343 Diogenes
543 285 681 328 Laert.
726 285 871 327 scribit
912 283 1024 326 VIII.
1065 282 1135 326 22.
1169 284 1238 326 κοιὶ
1272 285 1379 332 θεοὺς
1412 286 1485 335 μὲν
1519 285 1715 336 δαιμόνων

145 358 370 408 προτιμᾶν,
405 354 530 406 ἤρωοις
562 355 602 396 δὲ
633 355 864 407 ἀνθρώπων,
900 354 1108 406 ἀνθρώπων
1142 354 1180 395 δὲ
1214 353 1378 404 μάλιςοο
1412 355 1570 405 γονέοος.

204 428 350 482 Itaque
405 427 731 481 transposuerim
789 425 857 466 κοιὶ
917 424 1112 474 δοιιμόνων
1171 425 1237 465 κοιὶ
1290 426 1430 476 ἡρώων.
1511 425 1718 468 Similiter

145 496 564 553 (Pseudo)-Zaleucus
606 498 651 537 111
682 496 826 548 Ιὶορῑιηο
852 495 1046 549 prooemio
1078 495 1187 550 apud
1220 494 1337 537 Stob.
1373 496 1533 537 Antlcol.
1565 495 1714 537 XLIV.

143 567 214 611 20.
260 567 372 617 μετοὶ
413 567 521 612 θεοὺς
564 567 630 607 mc)
674 566 869 615 δαίμονας
912 565 979 606 ux)
1020 566 1147 616 ἤρωοις
1180 567 1606 616 γονεῖς-σύνεγγύς
1640 567 1715 608 εἶσι

141 645 234 685 ταῖς
268 642 408 687 τιμοιῖς
447 638 541 688 παρ’
575 636 785 688 ἀνθρώποις
819 639 902 677 νοῦν
934 635 1108 688 ἔχουσιν.

202 779 250 821 In
291 779 313 832 ξ
354 778 424 820 31.
458 775 534 819 ὅσοι
567 777 923 828 περιομμοιτοποιοὶ
957 781 1030 824 τῆς
1063 779 1219 828 ψυχῆς.
1268 776 1313 817 F.
1349 773 1423 817 ὅσοι
1459 776 1545 828 περὶ
1580 777 1712 826 όμμοο-

142 848 299 892 τοποιοέτ.
363 848 536 889 Dudum
578 851 687 889 recte
732 849 910 889 correxit
950 846 1171 888 Reinesius
1213 843 1394 888 ὅσοιΠΕΡ
1437 845 1716 896 όμμοιτοποιοὲ.

145 919 399 974 Saepissime
440 919 634 959 Atticum
675 934 748 969 περ
791 919 836 958 111
871 915 1016 968 ὅσπερ,
1051 914 1091 966 ὅ,
1126 933 1164 958 τι
1200 933 1299 968 περ,
1335 913 1513 969 οἷόσπερ,
1548 915 1717 968 ἕσσο-περ

146 995 187 1033 θῖ
218 991 314 1032 sim.
352 992 425 1031 aut
456 990 500 1029 in
533 988 621 1039 περί
653 992 725 1030 aut
756 989 800 1029 in
830 1004 911 1038 ποιρ
945 988 1208 1043 depravatur.

199 1119 247 1162 In
291 1119 313 1173 ξ
359 1117 429 1160 32.
471 1121 608 1160 τοιῦτοι
651 1117 793 1159 πάντ-οι
828 1123 910 1164 τοῖς
946 1119 1280 1168 ΦΙΛΟμοιθοῦο-ιν
1313 1116 1509 1169 οέξιέροεςοι
1541 1118 1610 1159 κοιὶ
1645 1124 1718 1160 ΦΙ-

139 1189 439 1233 ΛΟσπούδοεςοι
474 1188 521 1230 δι’
554 1189 676 1230 αὐτὸν
710 1189 856 1240 ε’φοένη.
915 1189 1113 1230 Formam
1146 1189 1474 1241 φιλοσπούδοιςος
1508 1193 1549 1230 θῖ
1581 1188 1718 1230 analo-

139 1263 210 1319 gia
250 1261 410 1315 respuit
455 1263 494 1300 et
535 1273 649 1300 usus.
713 1259 1016 1314 Reponendum
1064 1262 1125 1300 est
1167 1259 1277 1313 quod
1319 1273 1462 1300 omnes
1500 1261 1544 1300 in
1587 1273 1634 1301 ea
1674 1274 1718 1301 re

142 1331 335 1374 dicebant
390 1329 749 1373 ΠΕΡΙσπούδοιςοι.
831 1328 975 1372 Cernis
1022 1331 1065 1371 in
1112 1330 1266 1371 vicinia
1312 1330 1356 1371 id
1403 1330 1512 1384 quod
1559 1330 1720 1385 peperit

139 1415 333 1444 errorem.

199 1521 247 1563 In
288 1521 368 1563 fine
410 1521 433 1575 ξ
477 1519 546 1562 32.
591 1517 607 1561 ἓ
649 1519 693 1567 δη
727 1522 792 1560 νῦν
826 1517 980 1569 ἔλεγον.
1030 1519 1075 1560 F.
1111 1517 1127 1560 ὃ
1162 1521 1226 1559 νῦν
1258 1518 1319 1567 δή.
1387 1518 1665 1562 scribendum
1699 1518 1715 1561 ὃ

140 1592 288 1640 νυνδὴ
323 1590 488 1645 ἔλεγον,
514 1591 558 1632 id
585 1594 647 1632 est
675 1590 842 1642 οέρτίως,
873 1591 1004 1640 modo,
1033 1593 1082 1630 ut
1106 1591 1336 1631 sexcenties
1353 1590 1463 1645 apud
1480 1590 1717 1633 Platonem.

199 1713 246 1755 In
278 1713 300 1767 ξ
334 1711 402 1753 33.
447 1709 496 1758 ἃς
531 1711 746 1760 κοιτέλοεβε
782 1709 920 1756 πόλεις
955 1708 1254 1759 δεδουλωμένοις
1289 1708 1358 1750 ὑπ’
1394 1709 1612 1751 οὲλΛΗλων
1639 1711 1716 1757 τοὶς

139 1785 213 1834 μὲν
246 1787 404 1825 πολλῶν
438 1783 534 1824 ἑτῶν
567 1782 643 1827 τοὶς
680 1781 719 1822 δὲ
753 1781 863 1825 νεωςὶ
886 1805 939 1811 --—
959 1779 1166 1831 ἐλευθέροις
1202 1780 1397 1828 ἐποίησεν.
1457 1779 1717 1823 Verbotenus

141 1855 285 1898 eadem
314 1854 517 1910 leguntur
545 1852 655 1907 apud
682 1851 969 1908 Porphyrium
997 1851 1020 1905 ξ
1047 1850 1117 1892 21.
1147 1854 1288 1892 tamen
1317 1850 1399 1892 duo
1426 1852 1531 1893 vitia
1552 1853 1716 1902 insunt,

138 1927 326 1982 primum
371 1926 416 1965 in
459 1925 525 1965 ὑπ’
568 1924 782 1972 οέλλήλων,
831 1922 940 1977 quod
983 1925 1122 1977 aperte
1157 1925 1319 1979 pugnat
1350 1936 1445 1963 cum
1478 1924 1536 1963 rei
1568 1927 1718 1964 natura

140 2001 181 2040 et
210 1995 519 2039 emendandum
553 1997 615 2036 est
648 1992 714 2034 ὑπ’
747 1991 897 2034 ἄλλων.
961 1993 1182 2034 Praeterea
1213 1994 1256 2033 in
1291 1996 1449 2034 πολλῶν
1484 1993 1578 2034 ἐτῶν
1613 1993 1716 2035 desi-

140 2068 308 2110 deratur
339 2066 590 2121 praepositio
623 2066 705 2106 ἘΚ
738 2068 897 2105 πολλῶν
929 2064 1039 2105 ἐτῶν.

196 2140 389 2191 ”Αλλων,
420 2135 587 2183 ἄλλοις,
617 2134 769 2180 ἄλλους
797 2138 838 2176 et
865 2135 1085 2183 ἀλλήλων,
1116 2135 1340 2182 ἀλλήλοις,
1373 2134 1581 2182 ἀλλήλους
1608 2135 1719 2176 inter

141 2223 182 2251 se
215 2207 525 2250 confunduntur
555 2206 711 2260 ubique
744 2205 954 2255 locorum,
989 2205 1060 2247 sed
1092 2208 1187 2246 utra
1219 2206 1274 2246 sit
1306 2206 1462 2259 ubique
1492 2204 1617 2246 lectio
1649 2219 1719 2260 po-

140 2281 222 2321 tior
253 2283 294 2321 et
326 2291 424 2321 vera
457 2277 499 2318 ἕκ
534 2281 609 2317 τῶν
642 2275 989 2329 συμφραζομένων
1023 2275 1144 2317 facile
1175 2275 1407 2332 colligitur.

199 2398 477 2440 Manifestum
520 2397 733 2451 imprimis
773 2394 983 2437 emblema
1024 2394 1275 2449 deprensum
1315 2398 1377 2436 θεῖ
1409 2396 1452 2436 111
1483 2396 1505 2450 ξ
1539 2393 1609 2436 34.
1644 2411 1717 2437 πυ-

142 2469 227 2510 κνὸν
271 2468 352 2519 γοὶρ
396 2464 438 2513 ἦν
480 2467 590 2518 αὐτῷ
637 2465 730 2513 πρὸς
777 2463 968 2511 ἅπαντας
1012 2471 1212 2517 ποιντοεχιῇ
1246 2466 1420 2512 πολλοὺς
1454 2466 1521 2506 κοιὶ
1557 2466 1715 2516 ὀλίγους

141 2537 540 2591 ἀπόφθεγμα-τὸ
600 2539 772 2578 τοιοῦτον
818 2534 1133 2591 [οἷπόφθεγμοο]
1214 2535 1465 2577 Rectissime
1512 2535 1719 2578 ultimum

141 2609 395 2652 vocabulum
438 2622 462 2649 a
507 2607 766 2663 Kiesslingio
815 2606 1001 2648 deletum
1050 2609 1123 2647 est.
1188 2605 1484 2647 Scribebantur
1530 2606 1633 2648 talia
1676 2608 1721 2648 in

140 2681 353 2735 margine:
395 2678 686 2731 ἀπόφθεγμα,
731 2677 871 2728 γνώμη
915 2676 985 2719 vel
1028 2675 1253 2727 γνωμικόν,
1289 2676 1515 2727 δημηγορίοο
1551 2687 1592 2718 θῖ
1624 2679 1716 2718 sim.

143 2753 355 2799 sexcenta,
399 2763 503 2804 quae
544 2748 666 2790 facile
709 2749 897 2802 irrepunt
939 2748 983 2788 in
1026 2752 1215 2795 textum,
1250 2747 1445 2800 quoniam
1479 2749 1720 2802 saepissime

144 2821 295 2861 omissa
330 2821 375 2861 in
412 2822 532 2861 textu
564 2818 811 2873 supplentur
843 2818 886 2859 in
918 2818 1124 2874 margine.
1190 2816 1519 2870 Nonnumquam
1553 2818 1722 2859 additur

146 2889 322 2939 κείμενον
353 2890 423 2933 vel
453 2890 568 2942 ςίχος
605 2892 677 2931 aut
708 2888 841 2941 ςίχοι,
876 2888 947 2931 sed
978 2889 1143 2944 saepius
1175 2901 1222 2929 ea
1253 2887 1521 2929 omittuntur.
