1946 3298
902 180 954 224 21

146 311 283 353 editus
325 310 426 365 est):
470 312 545 350 τῶν
587 307 670 360 γάρ
710 308 919 361 άνθρώπων
963 309 1017 355 εἷς
1049 306 1330 357 άλεέξανεμίαν
1358 307 1425 349 καὶ
1460 311 1714 361 φιλατρημο-

145 381 262 429 σύνην
305 378 362 422 ἔτι
404 379 444 421 δὲ
487 378 683 432 ῥαθυμίαν
727 378 1063 430 ε’κτετραμμένων
1106 377 1174 419 καὶ
1219 378 1276 428 μη
1318 378 1571 429 βουλομένων
1608 380 1713 429 μήτε

143 451 372 502 άναγάμως
401 450 456 492 τοὶ
486 449 681 500 γινόμενα
713 449 837 491 τέκνα
869 448 1031 501 τρέφειν
1063 448 1177 490 ἄλλα
1209 448 1327 498 μόλις
1361 442 1400 489 ἓν
1429 452 1506 490 τῶν
1540 449 1714 490 πλείςων

143 523 163 571 ἢ
212 521 278 563 δύο
320 520 442 574 χάριν
475 524 544 563 τοῦ
580 520 791 567 πλουσίους
826 519 991 565 τούτους
1023 523 1271 560 καταλιπεῖν
1303 518 1370 560 καὶ
1407 523 1712 565 σπαταλῶντας

142 592 285 644 θρέψαι
318 591 483 644 ταχέως
519 591 636 633 ἔλαθε
668 591 713 632 τὸ
742 590 864 632 κακὸν
894 589 1078 639 αὐξηθέν.
1128 589 1221 631 Ηο0
1247 590 1415 631 nomine
1442 591 1712 645 potissimum

140 662 310 705 Maium
356 661 609 717 reprehendo
656 661 766 716 quod
812 665 900 703 tam
946 661 1144 702 absurdas
1190 659 1389 702 lectiones
1431 659 1573 715 quales
1615 663 1712 701 sunt

141 731 420 783 άλεξανεμίαν
477 735 518 773 et
574 731 936 783 φιλατρημοσύνην
986 734 1205 786 tamquam
1252 745 1303 772 ex
1346 733 1514 773 vetusto
1561 728 1713 772 Codice

140 803 368 858 descriptas
410 802 530 844 nobis
573 802 773 844 obtrudit.
836 802 994 844 Melius
1035 802 1258 844 Dubnerus
1288 803 1443 843 mentis
1475 801 1606 843 oculis
1638 798 1714 843 Co-

142 874 277 916 dicem
320 873 465 931 legens
509 874 622 916 dedit
664 873 907 927 ἀλαζονείαν
950 873 1017 915 καὶ
1052 872 1430 926 φιλοχρημοσύνην,
1464 886 1597 927 neque
1627 870 1717 913 ulla

141 949 202 987 est
246 945 454 987 dubitatio
488 946 589 999 quin
619 945 678 986 sic
710 946 755 986 in
787 947 926 987 vetere
959 944 1067 986 libro
1099 945 1153 985 sit
1186 947 1418 986 exaratum.
1485 942 1567 984 Sed
1598 941 1714 984 Dub-

138 1030 263 1057 nerus
296 1014 452 1058 Graece
484 1017 663 1066 sciebat,
696 1015 840 1057 Maius
871 1028 952 1057 non
983 1016 1104 1057 item.
1170 1014 1218 1056 In
1249 1028 1335 1069 sqq.
1371 1027 1445 1069 pro
1476 1014 1582 1064 μήτε
1615 1013 1711 1054 οἰνα-

138 1085 288 1136 γάμως
321 1086 376 1127 τοὶ
410 1085 640 1136 γιγνόμενα
673 1084 797 1128 τέκνα
824 1084 1007 1139 τρέφειν,
1036 1086 1255 1128 Bekkerus
1282 1085 1398 1127 dedit
1422 1086 1530 1135 μήτε
1555 1088 1712 1135 γαμεῖν

137 1157 244 1207 μήτε
291 1155 469 1207 άγάμως
517 1157 572 1198 τα
619 1155 848 1208 γιγνόμενα
890 1156 975 1197 κτὲ.
1018 1159 1060 1198 et
1100 1157 1331 1198 rectissime
1373 1156 1539 1211 quidem
1584 1156 1712 1197 habet

137 1228 244 1277 μήτε
284 1232 439 1277 γαμεῖν
478 1227 607 1278 μήτε,
652 1227 723 1270 sed
765 1227 875 1283 quod
913 1227 1091 1277 άγάμως
1135 1226 1296 1268 addidit
1342 1227 1708 1282 perversissimum

139 1301 214 1339 est.
282 1297 460 1339 Videtur
501 1300 702 1353 suspicari
745 1297 923 1348 άγάμως
964 1311 1050 1340 esse
1091 1298 1176 1338 sine
1216 1298 1367 1351 nuptiis
1409 1302 1450 1339 et
1488 1297 1537 1339 de
1567 1296 1711 1338 liberis

138 1369 252 1420 vulyo
294 1369 480 1424 quaesitis
520 1368 751 1425 Polybium
794 1369 943 1411 dicere.
1009 1367 1091 1410 Sed
1131 1368 1239 1410 nihil
1271 1372 1332 1410 est
1365 1382 1388 1410 a
1419 1368 1591 1424 Polybii
1624 1381 1712 1409 sen-

138 1439 273 1481 tentia
314 1438 506 1481 alienius.
571 1438 699 1490 Quasi
731 1453 830 1482 vero
863 1442 1103 1494 quereretur
1133 1439 1339 1495 Polybius
1371 1437 1551 1481 Graecos
1582 1452 1715 1493 neque

137 1523 287 1551 uxores
336 1509 485 1551 ducere
534 1523 667 1565 neque
713 1509 866 1551 liberos
907 1510 1061 1563 spurios
1103 1513 1143 1551 et
1183 1509 1314 1566 vulgo
1357 1510 1563 1564 quaesitos
1605 1508 1713 1550 alere

137 1580 258 1623 velle.
322 1579 485 1622 Natura
531 1582 591 1622 rei
631 1583 837 1623 monstrat
878 1581 1010 1622 viam.
1078 1580 1326 1637 Legendum
1369 1583 1431 1621 est
1460 1581 1574 1621 enim
1605 1579 1712 1629 μήτε

137 1656 293 1701 γαμεῖν
339 1651 445 1702 μήτε
487 1656 686 1693 ΠΑΝΤΑ
732 1651 786 1693 τα
830 1651 1060 1702 γιγνόμενα
1092 1650 1216 1692 τέκνα
1249 1650 1410 1704 τρέφειν
1442 1651 1558 1691 ἄλλα
1591 1649 1708 1700 μόλις

137 1715 176 1762 ἓν
217 1721 238 1770 ἢ
284 1721 327 1763 τὸ
361 1726 526 1766 πλεῖςον
570 1721 635 1764 δύο
680 1726 771 1778 (pro
815 1717 854 1763 ἓν
885 1726 961 1764 τῶν
994 1722 1169 1767 πλείςων
1203 1721 1223 1771 ἢ
1257 1721 1352 1775 δύο).
1418 1722 1541 1764 Ν11110
1572 1721 1713 1763 omnia

134 1791 259 1847 plana
291 1796 333 1835 et
362 1795 581 1849 perspicua
613 1797 724 1836 sunt.

195 1931 440 1975 Praeclarus
482 1933 655 1990 Polybii
696 1933 812 1976 locus
855 1938 916 1976 est
947 1933 1021 1977 lib.
1056 1933 1302 1978 XXXVIII.
1338 1934 1411 1977 1ο.
1445 1950 1541 1992 pag.
1578 1933 1708 1976 1153.

135 2002 270 2045 Bekk.
303 2005 346 2044 in
379 2018 446 2046 eos
478 2018 501 2046 a
531 2005 682 2059 quibus
714 2005 1093 2060 reprehendebatur
1124 2006 1234 2062 quod
1267 2005 1524 2049 Graecorum
1563 2020 1711 2062 aequa-

134 2073 243 2115 lium
278 2078 452 2130 'peccata
493 2078 534 2117 et
576 2075 729 2117 delicta
771 2090 853 2118 non
894 2076 1157 2119 occultasset.
1201 2077 1458 2130 συγγραφέα
1500 2077 1539 2119 δὲ
1579 2081 1709 2119 κοινῶν

135 2143 317 2196 πράξεων
362 2145 440 2186 οὐδ’
486 2142 584 2192 ὅλως
633 2147 873 2188 ἀποδεκτέον
922 2147 1093 2203 (inquit)
1147 2146 1251 2188 ἄλλο
1299 2164 1336 2190 τι
1385 2148 1474 2201 περὶ
1529 2148 1709 2194 πλείονος

136 2215 367 2266 ποιούμενον
408 2223 480 2265 τῆς
507 2216 721 2265 άληθείας·
756 2215 830 2270 ὅσῳ
864 2217 947 2270 γαρ
982 2218 1037 2264 εἰς
1070 2218 1236 2264 πλείους
1271 2218 1459 2262 διατείνει
1489 2244 1544 2250 --
1578 2221 1598 2268 ἡ
1632 2222 1708 2260 τῶν

137 2286 437 2337 ὑπομνημάτων
481 2287 701 2340 παράδοσις
743 2288 918 2341 τοσούτῳ
960 2290 1039 2340 χρη
1084 2292 1247 2339 μᾶλλον
1285 2291 1352 2332 καὶ
1394 2291 1461 2332 τὸν
1493 2277 1711 2342 γράφοντα

135 2355 222 2409 περὶ
267 2358 444 2404 πλείονος
488 2359 683 2400 ποιεῖσθαι
728 2359 799 2406 την
846 2360 1053 2407 ἀληθειαν.
1134 2361 1218 2402 Nos
1260 2361 1429 2417 (inquit)
1474 2362 1712 2415 intempore

135 2427 182 2467 de
216 2427 384 2469 Graecia
416 2430 508 2470 bene
538 2430 670 2470 meo-iti
702 2445 854 2484 sunaus,
888 2430 959 2477 την
993 2429 1028 2472 δ’
1061 2431 1156 2485 ὑπὲρ
1186 2435 1261 2473 τῶν
1290 2431 1516 2483 γεγονότων
1544 2432 1608 2473 δια
1635 2435 1712 2472 τῶν

116 2492 438 2549 ’ὑπομνημάτων
471 2499 689 2551 παράδοσιν
721 2502 857 2551 άμιγῆ
891 2503 1044 2549 παντὸς
1079 2508 1245 2549 ΜΙΟους
1281 2503 1573 2554 άπολείπομεν.
1637 2501 1712 2542 Ul-

134 2569 240 2611 tima
283 2574 423 2626 aperte
454 2571 653 2613 mendosa
685 2575 804 2612 sunt:
840 2586 922 2614 non
953 2574 1066 2614 enim
1096 2573 1145 2614 de
1178 2573 1265 2614 odio
1297 2587 1433 2616 sermo
1467 2577 1529 2615 est
1559 2572 1630 2614 sed
1663 2572 1712 2613 de

133 2639 314 2681 veritatis
356 2656 495 2682 amore.
560 2640 790 2696 Scripserat
839 2642 1045 2699 Polybius
1092 2644 1229 2694 οέμιγῆ
1278 2645 1430 2691 παντὸς
1474 2650 1711 2690 ΨΕΎΔους.

133 2708 276 2752 Maius
320 2713 392 2766 qui
434 2711 586 2758 παντὸς
618 2712 644 2737 ἠὲ
661 2712 726 2737 Η
758 2728 821 2759 ους
848 2713 1020 2756 videbat
1050 2717 1091 2756 et
1120 2716 1294 2757 omissas
1324 2715 1468 2757 literas
1498 2729 1581 2757 non
1612 2715 1714 2756 satis

136 2782 382 2836 expediebat
413 2781 553 2832 μίσους
585 2795 659 2837 pro
690 2783 862 2833 ψεύδους
898 2784 1134 2827 substituit.
1184 2784 1293 2827 Sunt
1323 2786 1528 2841 quaedam
1558 2788 1603 2827 in
1634 2785 1712 2826 Po-

136 2849 253 2906 lybio
296 2859 400 2907 qua'e
433 2866 555 2909 aegre
587 2853 716 2903 feras,
751 2854 823 2895 sed
857 2856 999 2896 tantus
1031 2856 1075 2896 in
1107 2869 1153 2897 eo
1183 2855 1319 2898 elucet
1352 2870 1468 2898 amor
1499 2859 1715 2908 veritatis,

138 2924 188 2962 ut
227 2921 315 2964 illis
356 2937 439 2980 non
478 2923 705 2966 offendaris.
773 2923 994 2968 Incalescit
1040 2927 1206 2969 animus
1248 2927 1300 2969 ad
1343 2941 1391 2969 ea
1430 2941 1535 2982 quae
1575 2932 1720 2973 scribit
