1946 3298
883 178 967 221 497

199 304 305 361 Pag.
339 303 426 345 283
444 305 477 346 b.
522 304 605 345 Δια
649 301 692 345 τί
731 302 823 349 τοὺς
864 301 1222 353 θριαμβεύσαντας
1256 304 1434 349 ἓςιῶντες
1470 304 1508 344 ἐν
1537 301 1710 358 δημοσίῳ

141 378 388 426 παρῃτοῦντο
430 374 521 421 τοὺς
567 374 743 419 ὑπάτους
789 373 856 414 καὶ
902 373 1132 422 πέμποντες
1175 374 1428 424 παρεκάλουν
1460 375 1553 423 μηδ’
1585 376 1711 416 ἐλθεῖν

141 445 204 485 ἐπὶ
239 446 282 485 τὸ
321 445 499 493 &Tmou
548 445 659 486 Nota
699 457 764 485 res
796 448 858 485 est
890 458 912 484 e
944 442 1107 485 Valerio
1140 444 1331 486 Maximo
1364 444 1413 485 Π.
1451 444 1490 486 8.
1526 444 1566 486 6.
1618 445 1712 486 Mo-

139 515 197 556 ris
246 519 330 555 erat
377 516 423 555 ab
466 515 699 569 imperatore
740 514 972 567 triumphum
1017 514 1179 555 ducturo
1227 515 1414 556 Consules
1455 515 1622 556 invitari
1661 515 1716 556 ad

141 599 318 634 coenam,
361 585 502 626 deinde
532 585 666 637 royari
696 589 739 625 ut
770 584 904 624 venire
933 585 1233 633 supersedeant3
1275 599 1323 625 ne
1352 588 1440 639 quis
1471 599 1512 625 eo
1544 585 1609 625 die
1638 599 1713 639 quo

141 655 212 695 ille
243 656 502 708 triumpharet
534 655 693 696 maioris
719 654 762 694 in
790 654 916 694 eodem
944 657 1116 695 convivio
1143 655 1196 695 sit
1222 654 1389 708 imperii.
1430 654 1551 696 Hanc
1577 656 1714 711 igitur

142 738 310 766 causam
343 726 401 766 sic
431 724 685 766 Plutarchus
718 724 878 766 reddit:
914 721 935 771 ἦ
965 724 1033 765 καὶ
1061 723 1181 765 τόπον
1208 723 1284 765 ἔδει
1310 727 1363 774 τῷ
1393 725 1713 776 θριαμβεύσαντι

142 795 228 835 καὶ
274 796 497 836 σίαστον
541 795 803 842 ἐντιμότατον
847 794 1104 836 οξποδίδοσθαι
1149 795 1216 835 καὶ
1252 800 1569 845 προπεμπΤΗΝ
1602 795 1714 844 μετὰ

141 865 186 906 τὸ
231 866 397 906 δεῖπνον.
464 865 602 920 Turpe
644 867 873 919 scripturae
914 865 1116 906 mendum
1160 866 1475 920 simplicissima
1514 869 1554 906 et
1602 867 1715 906 certa

142 937 392 977 correztione
426 935 518 976 tolli
562 941 719 990 potest,
763 937 884 975 τόπον
919 935 994 976 ἔδει
1029 938 1082 986 τῷ
1122 936 1441 986 θριαμβεύσαντι
1475 941 1716 976 KAICIAc-

141 1011 262 1046 TON
297 1006 556 1052 ἐντιμότατον
585 1005 857 1047 ἀποδίδοσθαι.
891 1019 975 1047 una
998 1005 1168 1047 literula
1199 1006 1418 1048 emendata
1442 1007 1596 1047 emicat
1616 1019 1716 1048 vera

141 1075 266 1118 lectio
300 1082 524 1117 KAICIAC
556 1090 630 1131 pro
665 1081 907 1129 KAlCIAC,
941 1076 1061 1116 τόπον
1097 1078 1315 1122 κλισίας
1343 1076 1409 1117 τὸν
1438 1076 1714 1125 ἐντιμότατον.

201 1146 358 1188 Eadem
403 1160 525 1201 opera
566 1147 762 1188 restitues
804 1145 945 1186 locum
978 1147 1022 1187 in
1055 1145 1133 1187 VII
1165 1150 1385 1200 sapientum
1416 1147 1590 1188 convivio
1621 1160 1714 1201 pag.

145 1216 229 1258 149
249 1218 282 1258 b.
318 1217 334 1258 ὂ
368 1218 631 1262 τοποκλισίας
666 1217 932 1267 δυσχεραίνων
958 1218 1212 1267 δυσχεραίνει
1241 1219 1294 1269 τῷ
1322 1224 1525 1268 συγκλιτῇ
1554 1220 1717 1267 μάλλον

144 1289 248 1339 ἣτῷ
291 1288 526 1337 κεκληκότι,
573 1289 647 1329 ubi
687 1287 950 1333 τοποκλισίας
993 1287 1102 1329 nihil
1134 1297 1218 1338 est,
1261 1288 1331 1330 sed
1362 1290 1520 1330 iterum
1551 1288 1715 1330 τόπΟΝ

144 1360 304 1403 κλισίας
338 1358 663 1400 restituendum.

203 1428 363 1471 Deinde
405 1430 538 1471 scribe
580 1429 647 1469 καὶ
696 1427 988 1478 προπέμπΕΙΝ
1033 1433 1244 1470 ΑΥΤΟΝ.
1319 1428 1479 1470 Notum
1518 1431 1581 1471 est
1627 1443 1717 1481 προ-

145 1499 322 1551 πέμπειν
354 1500 446 1541 τινά
480 1499 649 1541 honoris
681 1512 804 1541 causa
835 1500 1032 1554 prosequi
1065 1498 1250 1554 aliquem
1283 1502 1324 1540 et
1357 1500 1555 1542 deducere.

203 1660 445 1716 Sequuntur
487 1659 611 1702 Αἵτια
653 1658 902 1714 Ἑλληνικά,
945 1662 989 1701 in
1022 1660 1175 1715 quibus
1206 1659 1343 1701 multo
1374 1658 1497 1715 plura
1529 1660 1627 1701 sunt
1656 1671 1720 1700 re-

145 1732 310 1774 condita
342 1736 383 1773 et
412 1732 604 1773 abstrusa
637 1745 762 1786 quam
797 1736 870 1772 aut
902 1731 1027 1772 utilia
1060 1735 1134 1772 aut
1166 1730 1279 1772 lectu
1311 1729 1504 1772 iucunda.

203 1801 414 1844 Pauculos
446 1815 496 1843 ex
527 1802 606 1843 hoc
638 1801 747 1843 libro
780 1800 890 1843 locos
921 1802 1112 1844 brevitur
1145 1814 1366 1856 exponam.

204 1961 309 2017 Pag.
344 1959 429 2002 299
449 1961 482 2001 b.
517 1960 583 2001 τὸν
617 1957 805 2001 Διόνυσον
838 1961 881 2001 αἱ
913 1964 989 2001 τῶν
1022 1959 1191 2001 Ἠλείων
1224 1965 1416 2010 γυναῖκες
1445 1984 1501 1992 -—
1531 1974 1721 2011 παρακα-

145 2034 258 2073 λοῦσι
293 2055 349 2061 -—
378 2031 708 2081 παραγίγνεσθαι
743 2030 835 2081 πρὸς
871 2032 1031 2077 αὐτάς·
1067 2056 1123 2062 -
1158 2031 1421 2081 ,,Ἐλθεῖν,
1471 2029 1564 2082 ἥρω
1610 2030 1721 2073 Διό-

147 2117 292 2151 νυσε,
335 2101 536 2143 e'AAION
587 2102 636 2146 ἐς
683 2100 805 2142 ναὸν
854 2099 1059 2151 άγνόν”.
1123 2100 1322 2143 Vertunt:
1365 2101 1631 2151 „maritimum
1669 2102 1725 2142 acl

145 2172 366 2226 templum'',
400 2176 442 2212 at
474 2175 522 2212 tu
553 2172 732 2213 rescribe
767 2170 942 2213 Ἀλεῖο
957 2188 987 2213 ν.

204 2242 335 2284 Addit
360 2242 638 2283 Plutarchus:
673 2238 765 2282 εἶτα
792 2241 848 2287 δὶς
879 2242 1111 2296 ἐπάδουσιΝ
1144 2241 1315 2291 ,,”Αξιε
1348 2241 1548 2293 ταῦρε”.
1580 2242 1722 2284 Bonus

143 2314 348 2367 interpres
396 2312 569 2353 candide
609 2313 763 2353 vertit:
818 2312 960 2365 „dique
1002 2311 1166 2353 marest
1202 2309 1323 2359 ’Άξιε
1368 2315 1409 2353 et
1449 2312 1567 2365 dique
1606 2313 1722 2355 idem

145 2382 406 2439 significant,
452 2383 495 2424 id
536 2386 598 2424 est
630 2396 797 2437 prorsus
829 2382 964 2431 nihil,
1009 2382 1080 2423 sed
1112 2382 1285 2423 fortasse
1316 2383 1360 2422 in
1396 2388 1722 2424 (ΞΠΑΙΔΟΎΕΙ-

144 2458 315 2496 ΝΛΞΙΕΞ
348 2452 464 2494 aliud
496 2453 598 2508 quid
621 2452 725 2494 latet
749 2466 900 2507 nempe
928 2452 1118 2506 ἐπᾴδουσι
1141 2450 1273 2500 Νάξιε
1300 2451 1448 2503 ταῦρεὲ
1481 2453 1544 2495 De
1566 2453 1723 2496 Bacchi

146 2522 264 2565 cultu
306 2525 350 2564 in
392 2523 530 2564 insula
573 2523 694 2564 Naxo
728 2523 825 2564 vide
858 2523 1126 2564 Athenaeum
1159 2536 1257 2579 pag.
1296 2521 1352 2566 78
1369 2538 1400 2564 c.
1464 2523 1721 2568 Plutarchus

145 2595 189 2635 in
223 2596 454 2648 Symposiac.
488 2606 583 2649 pag.
622 2591 705 2635 741
727 2608 763 2633 a.
800 2596 1102 2635 commemorat
1139 2595 1204 2634 τὸν
1236 2593 1462 2635 Ποσειδῶνα
1497 2593 1721 2645 ἡττώμενον

147 2664 282 2705 ἐνθάδε
315 2664 388 2713 μὲν
423 2662 628 2718 (Athenis)
665 2663 731 2702 ὑπ’
766 2663 961 2712 Ἀθηνᾶς,
1006 2664 1044 2704 ἐν
1080 2668 1262 2715 Δελφοῖς
1297 2665 1372 2705 ὑπὸ
1406 2667 1475 2706 τοῦ
1509 2666 1722 2709 Ἀπόλλω-

149 2750 231 2783 νος,
267 2734 305 2774 ἐν
329 2736 478 2784 ’Ἄργει
513 2733 553 2774 δὲ
587 2733 661 2774 ὑπὸ
697 2739 767 2780 τῆς
797 2734 953 2784 “Ἠρας,
989 2734 1027 2775 ἐν
1060 2735 1204 2787 Αἰγίνῃ
1238 2735 1277 2777 δὲ
1315 2735 1390 2776 ὑπὸ
1424 2737 1493 2777 τοῦ
1528 2736 1648 2788 Διός,
1682 2739 1721 2780 ἐν

147 2810 329 2846 ΝΑΞΩΙ
375 2804 413 2845 δὲ
458 2804 532 2845 ὑπὸ
576 2806 645 2844 τοῦ
691 2804 903 2853 Διονύσου,
946 2805 1056 2846 unde
1088 2804 1249 2860 liquido
1282 2806 1526 2863 colligimus
1558 2810 1606 2848 ut
1635 2808 1720 2851 Mi-

148 2889 319 2919 nervam
351 2876 553 2925 Athenis,
588 2874 829 2930 Apollinem
854 2874 1054 2930 Delphis,
1081 2877 1209 2933 Argis
1233 2876 1457 2927 Iunonem,
1487 2878 1531 2919 in
1557 2877 1720 2936 Aegina

277 2991 330 3025 H.
1489 2980 1528 3008 23
