1946 3298
900 141 986 183 458

152 272 387 330 Diogenem
417 272 682 314 Amsroxnm
711 267 838 310 libros
871 275 944 309 aut
976 267 1245 309 DIOAEAROHI
1277 266 1513 310 lectitasse?
1545 267 1729 310 Putasne

155 356 254 386 eum
280 342 552 384 Emnnocms
579 340 764 382 carmina
792 335 1064 394 cognovisse?
1091 336 1254 379 Laudat
1278 338 1322 379 in
1349 340 1439 380 vita
1465 338 1732 395 Pythagorae

155 416 319 468 praeter
350 411 665 453 Anrs'roanUM
693 409 981 451 HERAGLIDEM
1008 407 1256 457 Poivmcmii,
1285 407 1572 450 HERACLITUM
1597 408 1734 450 Erns-

155 494 258 527 SIUM
289 482 356 524 τὸν
389 479 613 530 σκοτεινόν,
647 479 784 522 Ionan
816 477 983 528 Omen,
1021 477 1246 526 TmAEUM,
1281 479 1587 520 ARISTOTELEM
1615 478 1651 518 ἐν
1681 482 1731 528 τῇ

159 554 318 602 Δηλίων
363 551 573 605 πολιτείᾳ,
619 548 814 593 Comicos
857 547 1083 591 CRATINUM
1114 548 1347 595 iuniorem,
1380 548 1731 596 MNEsiirAcHUM,

158 625 542 671 ARISTOPHONTEM,
576 635 681 662 num
713 622 807 675 quis
841 619 972 661 credit
1003 619 1155 660 horum
1189 619 1343 674 scripta
1375 631 1399 660 a
1429 618 1619 674 Diogene
1647 616 1734 658 lec-

159 695 284 736 titata
325 690 482 734 fuisse?
540 691 675 733 Nemo
718 689 869 732 hercle.
933 689 1081 730 Utitur
1120 689 1322 742 testibus,
1367 702 1468 743 quos
1516 687 1590 730 alii
1631 686 1734 729 olim

158 764 472 820 produxissent,
517 762 643 817 idque
686 763 773 803 sine
806 759 970 802 delectu
1007 763 1048 801 et
1085 760 1172 800 sine
1203 758 1373 800 iudicio.
1435 758 1580 813 Itaque
1611 770 1735 799 nemo

160 837 204 877 in
236 835 302 876 his
335 836 436 876 satis
468 835 616 875 cautus
649 836 690 873 et
722 833 1046 885 circumspectus
1081 843 1167 871 esse
1198 830 1377 884 poterit,
1420 842 1472 870 ne
1504 829 1597 883 quis
1629 827 1736 869 forte

160 904 322 954 credat,
356 907 405 945 ut
431 903 509 945 hoc
537 906 655 953 utar,
689 903 989 944 Aristoxenum
1017 902 1229 956 scripsisse
1254 899 1545 956 Pythagoram
1569 899 1737 952 primum

160 974 341 1030 pondera
373 978 414 1016 et
446 986 662 1015 mensuras
693 974 738 1013 in
771 970 994 1015 Graeciam
1029 971 1321 1013 introduxisse.

222 1114 365 1156 Unum
398 1115 526 1156 restat
558 1113 603 1154 in
629 1111 865 1168 Diogenem
892 1110 976 1152 fere
1001 1110 1180 1152 dixerim
1207 1111 1372 1161 crimen,
1404 1110 1603 1166 quoniam
1628 1108 1738 1150 mihi

162 1186 370 1241 perinepti
410 1184 595 1226 hominis
634 1184 741 1225 vitia
783 1184 824 1222 et
865 1194 1019 1222 errores
1051 1181 1322 1237 redarguenti
1354 1181 1607 1223 accusatoria
1639 1191 1736 1234 quo-

164 1254 389 1297 dammodo
422 1253 533 1295 facta
565 1256 626 1295 est
660 1252 807 1294 oratio.
857 1250 1020 1306 Nempe
1047 1250 1257 1307 Diogenes
1283 1251 1428 1293 eodem
1455 1250 1600 1292 morbo
1626 1249 1738 1291 labo-

161 1325 281 1366 rabat
329 1338 409 1379 quo
459 1323 689 1379 Dionysius
735 1322 892 1364 maior:
941 1321 1079 1363 Musis
1119 1323 1268 1363 invitis
1311 1325 1353 1363 et
1393 1322 1512 1363 iratis
1553 1321 1740 1362 carmina

165 1395 377 1452 pangebat
409 1398 499 1436 tam
529 1392 696 1435 inficeta
728 1396 768 1434 et
797 1391 955 1433 insulsa
986 1396 1036 1433 ut
1065 1404 1162 1447 prae
1189 1391 1263 1433 illo
1288 1391 1517 1447 Dionysius
1543 1391 1740 1446 egregius

164 1468 287 1521 po'eta
330 1464 524 1507 videatur
566 1464 706 1505 fuisse.
774 1461 887 1504 Olim
931 1463 1033 1504 satis
1075 1465 1162 1503 erat
1204 1476 1371 1504 carmen
1409 1475 1495 1504 esse
1530 1459 1740 1517 Graecum

163 1539 213 1577 ut
238 1534 500 1590 praeclarum
529 1548 616 1576 esse
643 1533 857 1576 videretur
885 1536 926 1575 et
954 1532 1230 1575 admiratione
1257 1532 1460 1589 dignum,
1488 1530 1560 1573 sed
1584 1531 1740 1572 sensim

166 1610 208 1648 et
246 1606 472 1661 paullatim
514 1605 770 1660 resipuimus
811 1602 1020 1659 philologi
1061 1606 1102 1645 et
1145 1616 1249 1658 quae
1289 1604 1433 1658 inepta
1472 1604 1570 1644 sunt
1599 1602 1742 1656 inepta

165 1690 253 1718 esse
295 1677 431 1719 dicere
465 1676 679 1718 audemus.
745 1673 908 1716 Multos
941 1673 1136 1728 equidem
1166 1674 1211 1714 in
1243 1674 1333 1716 vita
1364 1671 1550 1714 misellos
1582 1673 1741 1726 poetas-

164 1751 250 1790 tros
296 1747 464 1797 audivi,
509 1746 581 1788 sed
625 1746 697 1800 qui
741 1751 848 1787 esset
887 1743 1076 1800 Diogene
1108 1743 1303 1800 frigidior
1335 1746 1375 1784 et
1409 1742 1548 1785 verbis
1581 1745 1622 1783 et
1654 1754 1743 1783 sen-

164 1819 309 1860 tentiis
341 1819 522 1872 ineptior
554 1816 694 1859 videre
728 1829 797 1857 me
830 1828 912 1857 non
943 1816 1132 1856 memini.
1199 1813 1245 1855 Si
1279 1815 1372 1869 quis
1403 1816 1477 1855 aut
1507 1825 1607 1855 vera
1637 1812 1740 1854 haec

166 1902 253 1930 esse
286 1891 413 1945 negat
446 1890 519 1930 aut
550 1888 676 1928 nimis
709 1886 813 1928 dura
845 1886 1085 1939 existimat,
1117 1884 1326 1939 proferam
1358 1882 1561 1926 nonnulla
1588 1886 1629 1925 et
1654 1883 1742 1938 ipse

165 1959 371 2001 iudicato:

225 2029 435 2087 Diogenes
464 2028 574 2072 VIII.
612 2028 667 2070 44
700 2042 757 2083 sq.
794 2028 861 2069 καὶ
897 2028 1007 2078 ἡμῶν
1040 2026 1122 2072 ε’ςὶν
1156 2027 1209 2072 εἷς
1245 2026 1366 2068 αὑτὸν
1399 2022 1695 2075 πεπαιγμένα·

346 2100 438 2148 Τὰς
474 2099 626 2153 φρένας
660 2100 705 2148 ἢν
737 2098 873 2150 ἐθέλῃς
907 2098 984 2144 τὰς
1016 2095 1257 2149 Πυθαγόραο
1291 2100 1426 2144 νοῆσαι

467 2171 638 2216 ἀσπίδος
671 2168 891 2223 Εὐφόρβου
924 2168 1083 2219 βλέψον
1117 2168 1154 2214 ἐς
1184 2166 1404 2221 ὀμφάλιον.

347 2242 449 2296 φησὶ
477 2242 559 2293 γὰρ
585 2238 720 2287 οὗτος·
751 2240 852 2290 ἐγὼν
881 2237 924 2288 ἧν
952 2238 1190 2291 πρόβροτος,
1224 2236 1264 2285 ὃς
1292 2236 1328 2279 δ’
1359 2236 1473 2279 ὁπότ’
1502 2238 1570 2280 οὐκ
1601 2233 1643 2284 ἦν

469 2312 631 2363 φάο-κεν
664 2308 723 2353 ἔτ’
759 2309 802 2359 ἦν
835 2310 960 2358 δήπου
995 2310 1063 2351 οὐκ
1097 2307 1159 2361 ἄρ’
1192 2307 1256 2357 ἔην
1288 2306 1346 2350 ὅτ’
1381 2307 1460 2357 ἔην.

228 2381 309 2426 Cui
338 2384 439 2426 haec
469 2398 551 2426 non
584 2382 811 2425 admodum
841 2380 1005 2423 ludicra
1038 2383 1079 2422 et
1111 2382 1249 2422 iocosa
1281 2393 1368 2421 esse
1400 2378 1598 2421 videntur
1632 2377 1744 2418 1111116

170 2468 246 2511 ego
278 2456 462 2509 suspicor
494 2453 664 2496 salsiora
695 2452 836 2508 legere
869 2450 1057 2493 solitum.
1122 2449 1237 2492 Audi
1269 2450 1472 2491 alterum:

349 2525 452 2567 Αἷαῖ
482 2522 715 2575 Πυθαγόρης
749 2522 790 2564 τί
822 2521 934 2563 τόσον
969 2519 1149 2571 κυάμους
1182 2519 1386 2570 ἐσεβάσθη

469 2594 535 2636 καὶ
572 2594 664 2635 θάνε
698 2597 916 2645 Φοιτηταῖς
951 2590 1127 2642 ἄμμιγα
1159 2596 1242 2637 τοῖς
1282 2590 1413 2644 ἰδιόις;

349 2664 492 2718 χωρίον
525 2661 568 2712 ἦν
601 2662 790 2717 κυάμων,
824 2661 886 2705 ἵνα
920 2662 978 2712 μὴ
1010 2662 1172 2707 τούτους
1206 2661 1246 2703 δὲ
1280 2660 1445 2712 πατήσῃ

472 2732 516 2783 ἐξ
550 2732 882 2785 Ἀκραγαντίνων
916 2731 1085 2774 κάτθαν’
1118 2731 1170 2773 ἐνὶ
1204 2732 1353 2783 τριόδῳ.

172 2806 333 2851 dixerat
377 2804 500 2848 modo
548 2804 837 2860 Pythagoram
879 2803 1258 2859 Agrigentinorum
1300 2801 1532 2844 exercitum
1578 2799 1745 2842 duxisse
