1946 3298
959 131 1043 174 158

215 267 350 303 INHI.
411 259 506 304 Nisi
549 259 609 303 sic
653 260 760 300 esset
801 257 906 302 olim
945 260 1166 315 peccatum
1205 270 1316 300 nunc
1354 258 1400 300 in
1435 257 1556 301 libris
1588 256 1786 311 ἀποκλείη

210 331 434 389 legeretur.

271 471 540 514 Imbiberunt
580 471 770 525 imperiti
812 467 1011 512 Graeculi
1052 470 1292 525 opinionem
1335 469 1503 511 inanem
1549 469 1661 518 Τέως
1710 483 1784 526 pro

210 542 315 590 Ἕως
358 542 469 598 apud
509 536 679 583 Veteres
719 541 914 596 usurpari
956 538 1098 581 solere.
1162 539 1341 581 Perinde
1387 543 1449 581 est
1492 540 1655 582 credere
1691 540 1784 583 τότε

209 628 283 670 pro
326 610 392 654 ὅτε
433 610 651 654 commode
683 610 767 652 dici
798 613 839 652 et
870 609 1031 652 similia
1060 609 1127 651 his
1159 611 1313 651 omnia.
1375 610 1502 665 Apud
1534 610 1709 652 Suidam
1739 625 1782 654 v.

210 683 323 729 Τέως
356 682 605 725 describitur
635 680 753 723 locus
781 694 831 723 ex
857 685 999 723 vetere
1024 680 1176 723 Lexico
1201 679 1446 730 Rhetorico,
1477 680 1587 723 unde
1615 684 1785 737 apparet

208 757 296 797 iam
339 752 443 796 olim
486 751 710 794 Oratorum
753 749 926 794 Codices
967 751 1220 794 stultissimo
1251 751 1331 793 hoe
1362 752 1514 794 mendo
1545 753 1785 808 inquinatos

208 826 349 868 fuisse.
413 823 597 866 Affertur
641 837 682 865 v.
702 837 737 864 c.
788 821 1084 865 Demosthenis
1125 821 1306 876 Philipp.
1349 821 1402 864 Π.
1446 821 1575 875 ὥσπερ
1618 823 1700 875 γὰρ
1743 823 1782 865 ἐν

207 901 290 942 τοῖς
334 895 495 945 σώμασι
543 898 704 936 Tenc
747 893 821 943 μὲν
864 892 913 935 ἂν
950 891 1150 945 ἐρρωμένοι
1184 890 1205 945 ἦ
1239 892 1345 934 οὐδὲν
1380 893 1672 935 ἐπαισθάνεται
1706 897 1783 935 τῶν

209 968 298 1009 καθ’
331 964 464 1010 ἕκαςα
497 965 659 1017 σαθρῶν.
725 964 839 1006 Hinc
871 963 1046 1006 Codices
1077 965 1210 1006 nostri
1241 977 1385 1007 omnes
1416 964 1494 1007 hac
1525 963 1619 1007 labe
1650 963 1786 1007 affecti

209 1042 321 1081 sunt.
368 1037 540 1079 Primus
571 1037 761 1079 omnium
793 1035 984 1078 Dindorf.
1016 1035 1061 1078 id
1093 1035 1203 1091 quod
1236 1037 1358 1078 unice
1390 1049 1541 1079 verum
1573 1049 1661 1078 esse
1691 1049 1785 1078 con-

207 1113 291 1153 stat
321 1109 477 1164 ubique
507 1108 708 1163 reposuit.

267 1230 386 1273 Suid.
422 1245 462 1273 v.
497 1229 583 1277 Τὴν
617 1228 753 1281 Θύραν
785 1227 891 1282 ἔχων
923 1227 1179 1280 τετρΗμένην
1212 1226 1342 1279 ὥσπερ
1371 1230 1414 1271 αἱ
1443 1235 1627 1278 ποῖμναι.
1673 1227 1784 1281 Quid

205 1302 375 1344 tandem
418 1302 551 1343 animi
590 1300 692 1342 haec
734 1299 976 1356 legentibus
1019 1313 1107 1341 esse
1152 1298 1378 1355 putemus?
1440 1299 1576 1342 Locus
1625 1298 1784 1354 duplici

205 1372 413 1414 tralaticio
447 1385 581 1413 errore
613 1372 671 1413 sic
702 1370 942 1412 liberandus
975 1374 1037 1411 est
1068 1374 1117 1412 ut
1148 1371 1379 1413 scribatur:
1415 1372 1485 1419 την
1515 1369 1649 1421 Οὐραν
1677 1369 1782 1422 ἔχων

206 1444 511 1497 τετρΙΜμένην.

264 1564 382 1607 Suid.
423 1580 464 1607 v.
507 1564 563 1606 Τι’
604 1563 707 1612 δῆτα
755 1565 878 1603 ΘΕῶν
912 1561 1062 1613 ςρέφης
1100 1561 1189 1603 ἀντὶ
1223 1564 1293 1603 τοῦ
1329 1561 1605 1613 ἐνδιατρίβεις.
1672 1563 1783 1606 Feli-

204 1637 371 1678 cissime
412 1635 628 1678 Bekkerus
672 1648 722 1675 ex
765 1632 954 1674 Platonis
996 1633 1176 1674 Phaedro
1209 1648 1305 1691 pag.
1343 1632 1442 1676 336.
1463 1649 1492 1674 e.
1529 1634 1779 1689 reponebat:

203 1708 245 1749 τί
279 1706 364 1756 δῆτ’
392 1709 536 1748 ’ΈΧων
576 1705 737 1758 ςρέφει,·

261 1828 379 1870 Suid.
412 1842 453 1870 v.
497 1824 886 1876 Τιμησοὶμενος
930 1825 1204 1879 κατακρίνας,
1241 1822 1318 1875 ,,οῧ
1350 1830 1574 1876 κατηγορεῖ
1606 1824 1778 1870 Ξοένθιπ-

200 1915 271 1946 πος
332 1897 504 1940 θανάτου
551 1897 830 1946 τιμησάμενος
879 1897 1005 1948 αὐτῷ.
1055 1896 1071 1937 o‘
1120 1897 1160 1938 δὲ
1209 1896 1393 1946 κλινήρης
1449 1897 1780 1948 ἀπολογούμενος

201 1971 394 2024 ἐζημιώθη
443 1969 663 2015 τάλαντοις
713 1974 747 2010 Η
795 1968 945 2021 (ὀκτώ).
1011 1966 1178 2009 Aeliani
1226 1967 1328 2008 haec
1376 1972 1474 2009 sunt
1523 1969 1572 2010 de
1621 1969 1779 2011 iudicio

203 2041 416 2085 Miltiadis
449 2041 654 2096 descripta
687 2054 737 2081 ex
770 2039 984 2081 Herodoto
1016 2038 1084 2080 VI.
1124 2037 1222 2080 136.
1257 2052 1306 2080 ex
1335 2052 1415 2094 quo
1441 2038 1531 2081 loco
1560 2039 1646 2081 ὁδοῦ
1679 2039 1780 2092 πάρ-

200 2128 314 2165 εργον
355 2113 621 2167 perineptum
663 2110 874 2152 emblema
914 2108 1120 2164 expellere
1161 2110 1296 2151 iuvat.
1379 2110 1613 2157 Μιλτιάδης
1655 2110 1778 2157 αὐτὸς

203 2185 276 2235 μὲν
318 2183 473 2234 παρεὼν
517 2183 588 2223 οὐκ
634 2180 1243 2231 ἀπελογέετο-προκειμένου
1286 2179 1325 2220 δὲ
1375 2179 1538 2236 [αὐτοῦ]
1579 2180 1617 2222 ἐν
1664 2181 1779 2234 κλίνη

201 2252 574 2307 ὑπεραπελογέοντο
609 2254 641 2295 οἱ
674 2253 788 2305 φίλοι
821 2256 894 2299 τῆς
928 2250 1075 2304 μάχης
1109 2267 1155 2292 τε
1183 2257 1254 2299 τῆς
1284 2249 1360 2307 [ἐν]
1395 2251 1611 2302 Μαραθῶνι
1639 2253 1778 2294 πολλοὶ

199 2324 515 2376 ἐπιμεμνημένοι
559 2324 628 2366 καὶ
675 2324 764 2380 [τὴν
807 2323 974 2373 Λήμνου
1015 2319 1183 2376 αἵρεσιν]
1215 2323 1265 2368 ὡς
1301 2321 1398 2363 ἑλὼν
1430 2321 1594 2372 Λῆμνόν
1629 2339 1674 2364 τε
1707 2324 1776 2365 καὶ

197 2396 413 2446 τισάμενος
449 2395 540 2443 τοὺς
575 2395 823 2446 Πελασγοὺς
857 2394 1063 2446 παρέδωκε
1096 2392 1352 2442 Ἀθηναίοισι.

254 2466 402 2523 Itaque
443 2466 554 2522 apud
595 2466 822 2508 Aelianum
864 2478 938 2521 pro
978 2472 1012 2507 H
1048 2468 1220 2521 apparet
1252 2469 1292 2506 N
1329 2462 1618 2521 (πεντήκοντα)
1650 2466 1777 2508 scribi

204 2543 404 2596 oportere.

256 2609 368 2662 Quid
408 2611 552 2650 autem
594 2605 724 2648 Suida
766 2607 893 2648 facias
936 2608 1009 2662 qui
1047 2605 1331 2658 τιμησάμενος
1366 2605 1540 2649 θανάτου
1574 2608 1680 2649 serio
1712 2608 1775 2649 in-

196 2684 450 2737 terpretatur
481 2692 569 2720 esse
602 2675 885 2730 κατακρίναςῖ

255 2810 386 2866 Saepe
429 2823 471 2851 se
513 2807 664 2850 Suidas
695 2807 873 2849 ridicule
906 2806 1002 2848 dare
1037 2806 1142 2850 solet
1174 2807 1245 2849 sed
1276 2820 1367 2849 raro
1399 2809 1538 2865 magis
1571 2821 1697 2863 quam
1728 2823 1771 2851 v.

195 2880 512 2932 Τιμώμενον
551 2877 640 2921 ἀντὶ
675 2880 744 2921 τοῦ
787 2878 1163 2932 ζημιούμενον.
1199 2877 1358 2930 »ὄνομα
1389 2876 1507 2930 μόνον
1540 2878 1620 2923 ἐςὶν
1655 2876 1771 2931 ἔργου
