1946 3298
934 161 989 202 36

233 288 338 345 Pag.
383 286 483 330 155.
503 289 541 329 d.
583 286 823 340 ἐφλεγόμην
855 285 922 327 καὶ
956 284 1088 326 οὐκέτ’
1121 284 1160 324 ἐν
1194 283 1374 332 ἐμαυτοῦ
1408 280 1451 331 ἦν
1483 281 1552 322 καὶ
1581 279 1750 331 ἐνόμισα

175 359 412 411 σοφώτατον
445 355 546 400 εἶναι
578 357 644 399 τὸν
678 356 827 398 Κυδίαν
859 355 915 397 τοὶ
944 355 1134 407 ἐρωτικά,
1164 351 1202 400 ὃς
1231 350 1341 394 εἶπεν
1369 352 1434 394 ἐπὶ
1464 355 1590 394 καλοῦ
1619 351 1751 403 λέγων

178 429 321 476 παιδὸς
355 428 471 482 ἄλλῳ
505 427 804 478 ὑποτιθέμενος·
991 426 993 429 ’

538 499 804 549 εὐλαβεῖσθαι
839 498 895 546 μὴ
928 495 1163 537 κατέναντα
1195 493 1351 539 λέοντος

540 568 675 621 νεβρὸν
708 566 876 609 ἐλθόντα
905 565 1158 613 οέθανατώσηι
1191 566 1276 606 θεια

538 655 654 691 μοιρα
689 638 884 689 αἱρεῖσθαι
918 641 1048 688 κρεῶν.

236 712 412 767 Propter
449 711 722 753 manifestum
762 708 965 750 mendum
1006 707 1225 749 Bodleiani
1267 704 1431 748 Codicis
1475 707 1539 748 ἐπ’
1573 707 1752 757 ἐμαυτοῦ

176 796 250 838 pro
293 783 331 823 ἐν
373 783 552 832 ἐμαυτοῦ
594 782 714 822 unice
754 793 852 821 vera
893 782 934 819 et
976 781 1088 819 certa
1128 777 1253 819 lectio
1290 781 1481 819 vexatur.
1547 778 1640 820 Non
1670 793 1753 819 sum

179 854 286 907 apud
324 868 403 901 me,
446 868 523 893 non
564 867 646 892 sum
687 865 834 904 compos
870 849 944 889 mei
976 848 1087 903 apud
1120 862 1264 890 omnes
1295 852 1456 890 veteres
1488 851 1529 890 et
1560 852 1754 890 veterum

176 924 408 965 imitatores
448 923 604 978 passim
647 921 801 962 dicitur
842 919 912 961 οὔκ
954 919 1036 968 εἶμι
1081 917 1172 960 ἘΝ
1218 919 1421 973 ἐμαυτοῦ,
1465 933 1598 974 neque
1644 919 1754 974 quod

179 997 341 1035 certum
385 998 446 1035 est
486 995 694 1034 incertum
734 991 902 1032 reddere
933 992 1071 1044 potest
1102 989 1210 1031 liber
1240 989 1324 1032 Ms.
1358 991 1532 1031 caeteris
1564 990 1754 1032 emenda-

177 1065 259 1105 tior
290 1063 360 1105 sed
393 1069 533 1105 tamen
565 1063 820 1117 turpissimis
852 1064 1012 1102 scatens
1044 1061 1265 1102 erroribus.

238 1132 445 1176 Continuo
485 1136 655 1189 apparet
693 1132 821 1174 huius
862 1132 922 1173 rei
953 1131 1197 1187 exemplum
1228 1133 1273 1173 in
1305 1132 1445 1174 verbis
1476 1133 1655 1187 pessime
1688 1131 1756 1174 de-

178 1205 383 1261 pravatis:

539 1274 676 1325 νεβρὸν
709 1271 878 1315 ἐλθόντα
911 1273 1167 1322 οέθανατώσηι
1201 1274 1285 1315 θεια

539 1361 658 1396 μοιρα
693 1344 890 1396 αἱρεῖσθαι
923 1349 1058 1397 κρεῶν.

240 1417 439 1471 Deposita
472 1417 571 1458 haec
604 1420 701 1458 sunt
733 1419 774 1457 et
807 1415 1084 1470 conclamata,
1119 1415 1236 1458 nulla
1268 1416 1516 1458 emendandi
1543 1430 1636 1471 spes
1662 1415 1757 1457 reli-

183 1502 263 1543 qua
308 1491 382 1529 est.
445 1487 617 1528 Ludunt
649 1487 842 1529 nonnihil
874 1486 1040 1537 Oritici,
1074 1487 1146 1528 sed
1177 1489 1356 1542 turpiter
1386 1501 1427 1528 se
1459 1487 1559 1528 dant
1591 1490 1632 1528 et
1664 1500 1757 1542 ope-

181 1573 268 1600 ram
305 1558 497 1612 perdunt.
562 1559 798 1600 Annotatur
832 1557 883 1599 ad
915 1558 1208 1613 Aristophanis
1241 1558 1412 1599 Acbarn.
1446 1556 1545 1600 215.
1581 1557 1756 1610 ςερρόν

181 1628 270 1670 dur)
303 1631 372 1670 τοῦ
417 1628 752 1679 γεγηρακός,
797 1627 927 1680 ὥσπερ
963 1629 1070 1669 -ἑπὶ
1108 1633 1184 1670 τῶν
1217 1627 1482 1681 ἀκμαζόντων
1526 1627 1755 1680 χλωρόν.

185 1698 416 1750 Θεόκριτος·
452 1699 614 1746 ποιηταὶ
649 1699 688 1740 δὲ
723 1698 855 1749 λόγων
887 1701 1068 1751 χλωρῶν.

240 1769 341 1822 Quis
374 1769 621 1812 mortalium
649 1770 746 1812 hinc
774 1770 1014 1826 exsculpere
1042 1772 1247 1826 potuisset
1274 1773 1419 1826 poetae
1436 1784 1612 1812 manum
1629 1770 1753 1813 hanc:

540 1846 653 1889 ποιῆν
685 1856 722 1881 τι
757 1841 818 1882 δεῖ
848 1837 897 1887 οἷς
929 1840 1026 1891 γόνυ
1058 1841 1238 1896 χλωρόν,

177 1911 259 1951 nisi
287 1909 497 1952 Theocriti
520 1911 634 1953 locus
661 1915 891 1966 superesset
919 1911 1029 1953 XIV.
1061 1910 1144 1953 69?
1176 1912 1289 1969 Ergo
1314 1926 1337 1953 a
1356 1911 1510 1954 talibus
1528 1912 1755 1954 abstinebis

180 1994 354 2022 manum
388 1983 422 2022 si
447 1983 570 2037 sapis.
618 1982 667 2023 In
698 1982 858 2037 reliqua
883 1987 1001 2038 parte
1028 1983 1110 2025 loci
1138 1983 1283 2025 videor
1308 1983 1417 2024 mihi
1443 1982 1604 2038 aliquid
1631 1982 1759 2038 dispi-

180 2065 269 2093 cere
296 2055 337 2093 et
366 2066 449 2093 una
475 2052 646 2094 literula
670 2055 836 2095 mutata
864 2055 964 2108 quid
992 2057 1113 2109 poeta
1140 2054 1294 2095 dixerit
1319 2053 1581 2110 intelligere,
1608 2067 1759 2108 nempe

540 2123 806 2173 εὐλαβεῖσθαι
839 2126 896 2172 μ’),
932 2124 1164 2166 κατέναντα
1200 2123 1357 2171 λέοντος

543 2193 680 2245 νεβρὸν
715 2194 884 2236 ἐλθόντα
915 2195 1107 2220 *ἼΗΗΗΕ

541 2269 682 2316 μοῖραν
714 2266 930 2307 αἶΤεῖο-θαι
965 2270 1096 2318 κρεῶν.

182 2350 271 2376 cave
316 2335 524 2376 hinnuleus
565 2352 589 2375 α
625 2337 732 2376 leone
766 2337 940 2390 praedae
977 2342 1131 2391 partem
1158 2341 1297 2391 petas,
1331 2350 1483 2392 nempe
1512 2337 1593 2390 ipse
1626 2336 1759 2378 statim

182 2420 280 2446 nova
313 2406 468 2459 praeda
491 2407 583 2460 fies.
619 2409 661 2447 et
693 2408 751 2447 sic
784 2408 943 2461 optime
976 2406 1168 2449 Socrates
1201 2407 1385 2449 addidit:
1420 2406 1543 2453 αὐτὸς
1576 2405 1657 2458 γαρ
1691 2423 1757 2457 μοι

183 2474 338 2516 ἐδόκουν
372 2475 446 2516 ὑπὸ
478 2479 546 2517 τοῦ
581 2475 758 2517 τοιούτου
792 2475 1021 2526 θρέμματος
1049 2477 1285 2520 ἑαλωκέναι.
1337 2476 1418 2520 Cui
1445 2491 1527 2520 non
1553 2479 1759 2520 succurrit

183 2545 235 2587 ad
263 2545 364 2587 haec
396 2546 439 2587 τὸ
472 2545 733 2598 Μενάνδρειον
768 2547 877 2601 quod
904 2549 963 2589 sic
990 2548 1137 2590 Latine
1164 2550 1292 2590 vertit
1318 2548 1538 2591 Terentius
1564 2548 1755 2590 Eunuch.

182 2614 257 2657 III.
294 2616 332 2657 1.
368 2615 437 2658 36.

481 2688 589 2741 lepus
625 2691 706 2728 tute
737 2703 775 2728 es
804 2693 840 2729 et
862 2689 1155 2743 pulpamentum
1189 2690 1359 2745 quaeris,

245 2755 402 2799 Graece
435 2757 608 2798 dixeris:

512 2827 672 2877 λαγωὸς
707 2827 755 2868 ὢν
789 2829 939 2880 λαγῷα
973 2829 1022 2870 σὺ
1056 2829 1187 2881 ζητεῖς
1221 2832 1385 2881 λαβεῖν.

243 2896 460 2939 Sententia
491 2900 576 2939 est:
613 2903 736 2940 ποιεῖν
769 2898 894 2945 θέλεις
926 2895 1020 2951 ὅπερ
1054 2899 1234 2952 πάσχειν
1267 2900 1477 2956 πέφυκας.
