1946 3298
202 283 243 328 9.

177 425 245 468 10.

175 494 243 540 12.

174 635 239 679 14.

174 706 242 749 15.

173 776 240 819 16.

174 845 244 889 17.

173 916 244 960 19.

171 988 240 1031 21.

174 1058 245 1102 22.

173 1127 247 1172 23.

173 1198 244 1242 24.

174 1269 245 1313 25.

175 1340 247 1383 26.

175 1481 246 1527 27.

177 1553 248 1596 30.

177 1621 248 1665 31.

178 1693 247 1736 32.

178 1763 248 1807 33.

179 1834 249 1878 34.

180 1905 249 1948 36.

180 1975 250 2018 39.

180 2047 250 2090 42.

181 2117 251 2160 44.

182 2187 251 2230 45.

179 2258 250 2301 46.

180 2328 250 2371 48.

180 2407 249 2451 51.

178 2618 248 2662 54.

175 2828 248 2873 55.

179 2899 249 2944 56.

855 154 942 201 477

275 282 358 326 οέπὸ
400 288 473 333 τῆς
516 281 654 336 συρίας
688 282 707 325 ὅ
740 283 998 336 μνήμαρχος.
1035 309 1088 315 -
1124 283 1222 338 ἱερὸν
1264 282 1454 336 ἐδείματο
1493 312 1546 319 -
1581 303 1685 342 κρεο-

276 354 395 407 φύλῳ
430 379 483 387 —-
520 354 574 395 τοὶ
608 354 696 396 θεῖα
729 354 842 397 κατὰ
871 354 1041 405 δύναμιν
1073 355 1299 408 αὖτοίρκως.

279 424 422 468 ἑαυτὸν
456 424 712 467 κατέτασσεν
751 423 878 476 ἄξιον.

276 494 451 546 ἄσμενος
500 495 624 538 αὐτὸν
672 495 902 548 προσήκατο
935 520 989 527 —
1023 495 1116 549 πρὸς
1161 496 1253 544 τοὺς
1294 495 1446 545 ἄλλους
1489 496 1594 546 νέους
1628 522 1681 530 ——-

275 565 478 617 μεταδούς
513 582 559 607 τε
587 563 674 608 ὅσον
703 591 757 597 -
786 564 1050 619 ε’φωδιοὶσθαι.
1086 592 1140 598 —
1176 567 1500 620 ἐπιτετευχέναι.

276 635 487 689 ἐξαιρέτως
523 635 836 689 ἱερουργούμενα
868 661 925 669 —·
957 637 1173 690 φοινικικὸν
1206 637 1302 690 ὄρος.

276 707 388 749 κατα
422 707 495 754 την
527 707 770 760 ἀνθρωπίνην
803 707 928 761 φύσιν
962 732 1015 739 -
1050 708 1371 759 ἀναμνησθέντες
1404 725 1449 751 τε
1481 710 1544 757 ὥς.

274 778 373 829 ἤπερ
410 774 612 819 εἰώθεσαν.

277 846 342 889 δια
376 848 447 897 την
477 846 643 895 τοσήνδε
674 847 851 890 οὶσιτίαν.

277 918 501 971 οὶςρονομῶν
530 934 577 960 τε
608 917 692 960 καί.

276 989 309 1031 εἰ
343 987 572 1039 διαδέξαιτο
608 987 731 1031 αὐτὸν
766 988 880 1031 κατα
912 989 1072 1043 βραχύ.

281 1059 346 1101 ἐπ’
378 1057 555 1109 ἄβακος.

284 1128 419 1178 ήδονῆς
452 1127 520 1171 καὶ
554 1128 806 1177 οὶκολουθίας.

278 1203 411 1246 καλῶς
445 1198 534 1251 ἔχει
569 1199 716 1252 ἄβακι.

279 1270 487 1321 ὁμώνυμος
529 1270 604 1322 μὲν
638 1270 687 1312 ἰὸν
717 1271 841 1324 αὐτῷ.
880 1295 933 1303 -
970 1271 1034 1313 ε’πὶ
1068 1272 1140 1321 την
1172 1276 1249 1315 τῶν
1280 1271 1687 1325 παραλελειμμένων.

280 1340 529 1392 καλούμενον
572 1341 629 1384 ἔτι
665 1341 734 1383 καὶ
767 1345 833 1384 νῦν
866 1366 919 1373 —-
956 1342 1180 1395 νομίζοντες
1214 1341 1292 1385 δεῖν
1325 1342 1411 1396 περὶ
1445 1347 1522 1386 τῶν
1553 1347 1687 1386 καλῶν

282 1436 338 1443 -
371 1411 656 1465 συμφερόντων
688 1436 745 1444 -—-
780 1413 797 1454 ὁ
831 1411 994 1455 πάντων
1026 1412 1175 1455 τούτων
1209 1413 1488 1465 ποιησάμενος.

281 1482 348 1524 ἐπὶ
381 1488 574 1535 σμικροῖς.

283 1553 315 1594 οἱ
350 1551 390 1594 δὲ
420 1553 487 1594 τὸν
520 1555 694 1595 παιᾶνα.

280 1623 514 1674 μαθήματα
550 1623 591 1666 δὲ
623 1623 692 1665 καὶ
727 1622 879 1676 θεωρία.

282 1693 436 1743 ὁσιότης
469 1693 564 1747 πρὸς
597 1694 926 1747 κατοιχομένους.

283 1763 493 1817 διατριβῆς
527 1761 580 1807 αὗ
614 1764 706 1807 τίνα
741 1761 797 1812 ἦν.

279 1836 471 1889 χαρώνδα
503 1852 549 1877 τε
582 1838 651 1877 τοῦ
686 1835 909 1878 καταναιόυ
945 1861 997 1867 -
1033 1834 1096 1884 οὓς
1130 1837 1334 1890 ἱςορεῖται.

283 1905 518 1948 καθυπενόει
552 1904 651 1948 εἶναι
685 1909 873 1948 τοιοῦτον.

288 1978 378 2019 καθ’
412 1976 557 2024 αὐτοὺς
589 1977 924 2028 περιποιήσασθαι
957 1977 1420 2030 πεφιλοτετιμημένους.

284 2046 455 2095 ἄσκησιν
489 2047 560 2096 την
593 2050 688 2091 ταῦ.
722 2073 775 2079 -
811 2048 927 2090 καλοὶ
961 2048 1150 2099 κάγαθοί.

287 2118 330 2160 ἐκ
362 2121 462 2168 μιας
497 2117 650 2165 πόλεως
684 2124 756 2166 τῆς
789 2118 957 2161 ἐκείνων.

286 2189 577 2242 ἀποφήνασθαι
612 2190 731 2231 τοῦτο
765 2188 859 2241 πρὸς
895 2188 1003 2236 τούς.
1040 2211 1096 2219 -
1129 2188 1354 2232 ἐπεδείκνυε
1388 2190 1428 2233 δὲ
1462 2192 1608 2235 αὐτῶν.

286 2257 398 2311 παρα
432 2276 477 2301 τε
510 2260 563 2312 τῷ
599 2259 662 2301 διί.

284 2334 366 2377 τοῖς
402 2329 513 2372 κατα
547 2331 619 2378 την
652 2329 792 2372 οἰκίαν.

283 2408 425 2462 ἄρχειν
471 2409 665 2461 λοιδορίαν
709 2435 761 2441 -
806 2410 896 2461 βίον
939 2415 1108 2463 τηρήσαι
1155 2393 1260 2468 (fug)
1303 2436 1358 2443 —
1397 2413 1451 2465 τῷ
1487 2412 1527 2455 δὲ
1558 2413 1616 2465 μη
1648 2411 1693 2457 εὖ

283 2479 500 2532 πεφυκότι.
521 2504 575 2510 -
596 2476 638 2521 εὖ
665 2480 843 2532 δραμεῖν.
866 2506 919 2512 -
939 2481 1097 2527 ἐκείνοις
1126 2482 1429 2530 ὑπακούσαντος
1447 2508 1502 2515 ——
1523 2484 1591 2527 καὶ
1620 2485 1693 2537 μό-

284 2565 357 2596 νοις
392 2549 457 2591 δια
491 2549 650 2596 τέλους.

284 2618 331 2662 ἵν’
375 2619 554 2669 ἑτοίμους
597 2618 757 2672 ἔχωσιν.
807 2646 855 2653 -
892 2627 986 2670 ταῖς
1029 2623 1171 2677 χερσὶν
1213 2622 1339 2667 αὗται
1383 2630 1522 2668 ποιεῖν.
1558 2651 1612 2658 -
1644 2627 1691 2668 τὸ

282 2688 481 2741 δαιμόνιον
514 2692 571 2741 μη
605 2693 743 2741 τιμοῖν.
767 2717 819 2723 -—
839 2691 904 2734 ἐπὶ
934 2699 1006 2743 τῆς
1037 2694 1200 2743 θηλείας
1224 2695 1400 2747 φύσεως.
1428 2698 1473 2739 in
1499 2697 1691 2756 margine

281 2760 345 2802 ἐπὶ
379 2764 455 2803 τῶν
490 2760 734 2813 θυγατέρων.

283 2829 399 2884 ἄλλῳ
431 2829 498 2885 δέη
528 2836 699 2884 χρῆσαι.

283 2900 504 2955 συνώνυμον
537 2902 788 2953 ποιήσεσθαι.
