1946 3298
898 174 984 220 113

543 299 682 354 οἵαπερ
714 301 743 344 οὶ
770 299 958 344 δέσποιναι
990 302 1081 345 τοία
1111 303 1176 357 χοὶ
1208 302 1325 347 κύων.

213 376 402 420 Innotuit
445 389 495 419 ex
536 374 627 418 loco
667 374 857 417 Platonis
888 375 936 416 de
967 375 1067 430 Rep.
1100 390 1199 433 pag.
1236 375 1335 419 563.
1354 392 1384 418 ο.
1418 377 1604 431 ατεχνῶς
1634 381 1717 435 γὰρ

152 450 197 493 αἱ
229 448 342 496 κύνες
375 447 488 490 κατα
519 446 590 495 την
621 447 843 499 παροιμιάν
875 440 1029 499 οἷαίπερ
1064 447 1106 488 αἱ
1137 446 1342 491 δέσποιναι
1375 448 1603 500 γίγνονται.

211 589 413 633 Libanius
447 587 476 631 1.
512 586 613 632 566.
648 587 716 630 19.
748 591 823 630 τῶν
856 587 937 640 γαρ
971 587 1130 630 οἰκετῶν
1162 588 1286 636 οὐδεὶς
1321 586 1364 637 ἦν
1396 586 1436 636 ὃς
1469 590 1547 643 οὐχ
1584 588 1719 645 ὕβριζε

152 667 318 704 ΔΕΩΝ
350 658 609 711 σπαράττων.
674 659 948 702 Athenienses
978 658 1048 701 δῶν
1081 659 1297 715 dicebant,
1331 660 1509 716 ἀναδῶν,
1543 661 1718 714 ὑποδῶν,

151 732 316 787 ἑπιδῶν,
349 731 505 778 δοῦντες
533 733 575 773 et
600 731 699 774 sim.
747 730 864 773 Idem
893 730 1087 772 dicebant
1111 730 1435 774 Atheniensium
1461 733 1720 789 imitatores,

150 803 222 847 sed
252 803 410 847 scribae
441 802 595 846 formas
625 800 823 859 vulgares
855 802 1178 845 substituebant.

210 944 314 1002 Pag.
353 941 454 987 56¹7.
494 942 561 985 13.
596 941 688 990 τοὺς
720 940 1177 995 χειροτέχνας-ἦγον
1211 942 1286 985 ὑπὸ
1312 943 1389 990 τὰς
1419 942 1573 986 ἐκείνων
1598 944 1724 996 μοὶςι-

150 1032 232 1068 γας
281 1017 359 1068 οὐχ
408 1013 471 1057 ἵνα
519 1013 712 1064 ξαίνοιντο
760 1014 857 1056 ἀλλ’
900 1011 965 1056 ἵνα
1005 1013 1050 1055 τὸ
1091 1016 1148 1065 μη
1192 1017 1310 1056 τοῦτο
1352 1015 1494 1057 παθεῖν
1525 1016 1721 1069 πρίαιντο.

149 1087 396 1145 Legendum
440 1084 724 1137 ἘΚπρίαιντο.
784 1084 845 1127 Ut
885 1086 997 1127 enim
1038 1084 1188 1127 Latine
1233 1087 1278 1127 in
1325 1085 1403 1127 tali
1449 1101 1493 1130 re
1535 1088 1724 1132 redimere

149 1158 324 1208 dicitur,
357 1158 417 1200 sic
451 1155 608 1200 Graece
642 1154 890 1207 ἐξωνεῖσθαι,
924 1159 965 1198 et
996 1156 1041 1198 in
1073 1157 1224 1199 aoristo
1258 1156 1512 1209 ἕκπρίασθαι.

208 1298 268 1341 Ut
300 1298 502 1341 Libanius
537 1297 682 1340 scribit
714 1296 747 1339 Ι.
783 1296 882 1339 582.
919 1296 986 1339 10.
1019 1297 1207 1340 Iulianus
1237 1299 1419 1353 optimum
1450 1315 1631 1357 quemque
1655 1303 1724 1344 ka-

149 1370 339 1426 ruspz'cem
381 1384 506 1411 seeum
548 1369 710 1410 habebat
753 1367 874 1414 αὐτὸς
920 1368 969 1410 ὣν
1003 1368 1184 1416 οὐδαμῶν
1217 1370 1256 1411 ἐν
1287 1377 1337 1423 τῇ
1371 1371 1498 1424 τέχνη
1530 1372 1722 1426 δεύτερος.

147 1441 196 1483 In
235 1441 302 1483 his
334 1440 515 1491 οὐδαμῶν
550 1443 612 1482 est
642 1439 790 1482 infelix
821 1439 986 1481 Reiskii
1018 1440 1276 1496 coniectura,
1307 1443 1380 1497 qui
1410 1456 1493 1485 non
1518 1446 1725 1487 memine-

147 1516 213 1555 rat
254 1512 423 1561 οὐδαμοί
466 1525 551 1553 esse
596 1510 775 1552 formam
818 1511 1007 1553 Ionicam
1049 1507 1096 1553 'et
1142 1511 1425 1555 Herodoteam
1467 1528 1541 1569 pro
1581 1516 1724 1559 Attica

150 1583 316 1629 οὐδένες.
382 1582 501 1634 Quod
542 1581 624 1624 loci
657 1583 861 1624 sententia
893 1583 1069 1637 requirit
1100 1583 1248 1625 nemini
1276 1585 1466 1627 secundus
1498 1585 1649 1629 diserte
1680 1587 1726 1629 in

149 1654 232 1698 alio
260 1654 368 1697 libro
401 1654 560 1711 legitur
591 1653 743 1700 οὐδενὸς
776 1652 970 1706 δεύτερος.

206 1794 410 1838 Libanius
441 1791 475 1836 I.
514 1791 613 1835 585.
652 1794 719 1835 11.
746 1792 922 1836 laudans
946 1792 1104 1837 Iuliani
1131 1795 1377 1838 comitatem
1406 1798 1447 1838 et
1471 1795 1724 1842 civilitatem

145 1868 206 1909 ita
248 1865 416 1908 scribit:
461 1864 530 1906 καὶ
575 1864 680 1906 πολὺ
723 1865 817 1917 πρὸς
862 1862 1025 1909 ἕκαςον’
1069 1863 1096 1907 ὦ
1138 1866 1282 1919 ἑταῖρε.
1347 1867 1508 1911 Inserto
1545 1869 1722 1913 articulo

146 1937 419 1980 scribendum·
453 1935 547 1989 πρὸς
590 1933 733 1980 ἕκαςον
775 1941 855 1978 ΤΟ
901 1933 961 1987 »εὖ
1001 1936 1174 1988 ἓταῖρε.”
1208 1938 1259 1980 cf.
1291 1937 1325 1981 I.
1362 1937 1460 1981 186.
1493 1939 1531 1981 2.
1567 1940 1723 1992 οέναμέ-

147 2023 287 2055 νοντας
329 2013 429 2050 ΤΟ·
474 2004 534 2058 ,,ὦ
577 2004 689 2053 οὗτος
729 2006 1025 2058 ἀναγίνωσκε.”
1066 2008 1140 2051 ΠΙ.
1189 2008 1288 2052 140.
1324 2008 1362 2052 9.
1399 2011 1469 2052 οὐκ
1499 2009 1550 2053 ἂν
1581 2011 1722 2064 ἤρκεσε

145 2085 245 2122 ΤΟ·
281 2079 371 2130 ,,μη
403 2078 536 2121 εἰσίτω
570 2083 641 2128 τῆς
675 2077 827 2129 βουλῆς
862 2078 1102 2129 εἶσιούσης.”
1150 2079 1300 2123 Latine
1332 2081 1578 2125 dicendum:
1607 2098 1722 2134 „cre-

145 2152 219 2194 bro
261 2150 313 2193 ad
353 2164 700 2206 unumquemque
742 2150 932 2192 dicebat?
969 2154 1010 2193 et
1044 2165 1213 2202 „nonne
1243 2152 1391 2194 fuisset
1423 2154 1524 2196 satis
1554 2154 1721 2197 dicere.”

144 2221 193 2265 In
234 2221 301 2264 his
338 2221 533 2264 omnibus
564 2221 758 2263 additum
791 2227 869 2263 TO
903 2223 1181 2265 necessarium
1213 2226 1287 2265 est.
1352 2222 1452 2266 Sine
1482 2225 1633 2268 mendo
1664 2225 1721 2270 le-

145 2294 263 2351 gitur
290 2295 331 2335 et
362 2292 436 2336 III.
465 2291 566 2335 410.
604 2291 671 2335 18.
706 2293 775 2334 οὐκ
803 2291 990 2344 ὀλιγάκις
1020 2292 1206 2345 ὠφέλησε
1225 2318 1279 2325 -
1298 2299 1377 2337 ΤΟ
1408 2294 1722 2349 ,,α’νεγε’ρθητε.”

207 2433 314 2491 Pag.
349 2431 450 2475 591.
486 2431 553 2475 18.
590 2431 742 2483 διαβὰς
775 2432 999 2486 Εὐφράτην
1030 2433 1099 2476 καὶ
1133 2433 1222 2488 περ)
1255 2435 1364 2488 αὑτῷ
1396 2435 1599 2487 τοσαύτην
1629 2454 1724 2492 ςρα-

146 2504 239 2547 τιοὶν
282 2503 508 2550 καθισΤοές.
574 2503 695 2556 Quod
724 2503 926 2547 Libanius
960 2505 1063 2547 dicit
1098 2503 1256 2548 Graece
1288 2510 1407 2549 sonat
1437 2522 1519 2550 non
1550 2511 1722 2562 ςρατιαν

145 2574 383 2626 καθιςοὲναι,
429 2575 500 2618 sed
543 2574 731 2628 καθίζειν.
793 2574 939 2631 Itaque
982 2577 1275 2634 corrigendum
1319 2578 1532 2622 καθίΟΑΟ.
1593 2582 1720 2637 Apud

143 2646 471 2690 Demosthenem
513 2660 610 2704 pag.
656 2645 726 2689 31.
762 2645 830 2688 10.
862 2661 935 2703 pro
969 2647 1184 2698 νομοθέτας
1217 2649 1414 2692 καθίσατε
1446 2663 1590 2694 omnes
1620 2650 1719 2695 libri

145 2718 343 2761 exhibent
375 2717 599 2760 καθίστατε
631 2720 673 2760 et
704 2718 889 2774 optimus
921 2720 1112 2761 omnium
1143 2718 1174 2762 S
1205 2720 1416 2766 καθιςᾶτε.

204 2856 409 2901 Libanius
440 2856 474 2900 I.
509 2856 610 2900 606.
647 2856 715 2900 12.
749 2857 793 2901 αἱ
824 2857 899 2909 μὲν
930 2864 1017 2909 νῆες
1051 2856 1161 2912 εἶχον
1187 2858 1258 2909 ἤδη
1285 2859 1375 2909 τοὺς
1405 2862 1716 2917 μαχομένους,

148 2929 165 2971 ὅ
207 2927 243 2970 δ’
288 2928 436 2978 εἱςήκει
478 2927 646 2980 βλέπων
678 2930 734 2977 εἷς
765 2928 937 2983 οὐρανόν.
1001 2930 1242 2975 Nemodum
1274 2933 1515 2990 pugnabat:
1547 2935 1717 2992 signum

337 3011 383 3045 11.
1500 3007 1519 3036 ⁸
