1946 3298
891 167 972 209 501

143 299 311 339 adiectos
343 310 367 338 a
396 296 546 351 primis
589 292 852 336 Consulibus.
917 292 1120 334 Videmus
1161 306 1288 347 quam
1333 293 1453 333 caute
1487 293 1542 332 sit
1574 290 1717 331 huius-

144 367 305 410 cemodi
352 366 531 407 testibus
579 364 738 419 aliquid
786 363 1061 410 credendum,
1110 364 1183 417 qui
1229 361 1452 403 manifesto
1498 360 1602 402 falsa
1643 372 1716 414 pro

144 437 389 479 certissimis
420 438 600 477 narrent.
663 434 812 490 Pergit
845 447 978 475 errare
1011 434 1093 474 sic:
1128 433 1332 474 Senatores
1360 449 1383 472 a
1408 431 1574 472 Romulo
1602 431 1719 470 lectos

144 507 325 556 πατέρας
360 506 529 547 ἐκάλουν
563 504 629 546 καὶ
665 504 918 558 πατρικίους,
948 499 1023 544 οἷον
1050 502 1298 553 sommam
1326 501 1466 550 ὄντας,
1495 499 1715 549 πατέρας

145 578 315 619 αὑτῶν
359 575 590 628 ἔχοντας
632 573 939 624 ἀποδεῖξαι.
1005 573 1278 630 Etymologia
1320 572 1512 615 Romana
1555 574 1636 619 est,
1674 569 1718 610 id

144 652 207 690 est
240 660 364 701 supra
397 661 523 702 quam
555 646 666 688 credi
697 646 828 700 possit
855 644 1057 698 absurda,
1090 654 1308 685 PATRICIOS
1335 648 1487 684 vocatos
1512 655 1592 683 esse
1619 640 1721 695 quod

143 728 304 760 PATRES
345 732 436 758 suos
477 728 596 758 fflERE
635 721 791 768 possent
836 715 1033 767 (πατέρας
1076 714 1208 755 αὐτῶν
1248 715 1422 767 ἔχοντας
1471 710 1717 764 ἀποδεῖξαι).

145 787 258 829 Hinc
289 786 336 828 P.
370 786 523 828 Decius
555 785 665 840 apud
697 785 870 826 Livium
899 784 954 825 X.
981 783 1021 825 8.
1070 786 1134 826 An
1159 800 1364 839 numquam
1384 784 1522 839 fando
1555 783 1721 823 audistis

136 860 329 912 patricios
376 872 457 898 esse
491 881 543 887 —
578 859 644 910 qm·
685 866 855 896 PATREM
897 866 1017 896 clERE
1051 859 1238 907 possent,
1286 856 1331 894 id
1370 858 1427 895 est
1467 853 1572 893 nihil
1613 851 1722 891 ultra

145 942 258 982 quam
302 926 522 979 inqenuos?
575 925 657 977 Qui
705 924 989 981 etymologiae
1036 925 1182 966 morbo
1228 924 1392 966 laborat
1436 926 1480 965 in
1528 921 1722 977 analogia

145 998 351 1039 caecutire
383 997 488 1038 solet
520 996 588 1037 καὶ
621 995 789 1045 βλέπων
823 995 931 1036 οὐδὲν
964 993 1149 1044 βλέπειν.
1216 993 1356 1046 Quum
1391 995 1445 1035 sit
1472 995 1621 1050 ingens
1647 1005 1723 1032 nu-

145 1081 286 1109 merus
327 1066 627 1109 vocabulorum
669 1068 713 1107 in
747 1090 805 1097 —-
836 1076 945 1107 Iclus
989 1068 1235 1107 exeuntium
1275 1069 1317 1106 et
1349 1064 1494 1106 eadem
1529 1062 1722 1118 analogia

144 1137 446 1191 formatorum,
489 1138 533 1178 in
573 1150 657 1178 uno
699 1146 918 1177 PATRIGIUS
960 1136 1138 1177 verbum
1180 1147 1300 1178 OIERE
1342 1137 1475 1176 inesse
1512 1133 1722 1174 affirmant

146 1209 285 1264 magis
327 1221 453 1262 quam
495 1208 646 1248 sciunt.
713 1207 935 1248 Praeterea
976 1210 1175 1247 interesse
1220 1205 1379 1260 aliquid
1421 1206 1530 1246 inter
1562 1212 1722 1244 PATR-Es

147 1281 189 1319 et
220 1288 436 1319 PATR1010s
467 1277 720 1319 Plutarchus
753 1280 826 1318 aut
860 1290 940 1318 non
973 1278 1178 1332 cogitavit
1212 1279 1284 1317 aut
1315 1275 1540 1317 nesciebat.

207 1347 256 1389 In
296 1346 375 1388 fine
416 1347 499 1389 loci
538 1347 631 1389 leve
668 1349 821 1388 vitium
855 1347 1126 1388 eximendum
1160 1349 1360 1401 superest.
1427 1345 1578 1386 Editur
1611 1345 1721 1386 enim

149 1418 394 1470 εὖποὶτριδας
431 1422 573 1459 contra
604 1417 824 1459 Plutarchi
857 1418 1132 1471 sententiam,
1166 1418 1238 1471 qui
1272 1415 1519 1466 εὐπατρίδας
1546 1415 1720 1456 dixerat.

148 1488 289 1531 Facile
331 1489 651 1545 distinguuntur
693 1488 710 1528 ὁ
755 1487 933 1537 πατρίδα
978 1486 1083 1538 ἔχων
1125 1488 1286 1536 ἀγαθήν
1331 1490 1371 1528 et
1415 1486 1431 1526 ὁ
1474 1485 1519 1534 ἐξ
1562 1485 1720 1535 ἀγαθοῦ

149 1559 301 1611 πατρὸς
336 1559 536 1610 γεγονώς,
571 1563 612 1600 et
645 1563 786 1600 tamen
819 1559 862 1598 in
892 1557 1012 1599 libris
1045 1557 1186 1599 crebro
1213 1557 1314 1599 haec
1343 1557 1660 1612 permiscentur.

208 1699 270 1742 De
300 1700 442 1755 inepto
474 1698 843 1755 Etymologiarum
879 1711 1019 1740 amore
1052 1702 1093 1740 et
1120 1699 1282 1748 studio,
1316 1697 1385 1740 vel
1411 1699 1552 1752 potius
1578 1697 1724 1738 morbo

148 1776 190 1814 et
222 1773 401 1820 insania,
439 1784 519 1825 qua
552 1770 803 1811 Plutarchus
841 1769 1027 1820 laborat,
1061 1769 1169 1810 nihil
1200 1771 1351 1810 attinet
1391 1768 1529 1809 multa
1571 1768 1721 1809 dicere.

148 1841 269 1883 Nihil
300 1847 363 1883 est
396 1848 482 1883 tam
517 1841 741 1889 absonum,
777 1841 886 1895 quod
921 1842 959 1881 ei
990 1854 1071 1881 non
1103 1839 1300 1882 credibile
1333 1853 1419 1880 esse
1446 1839 1652 1887 videatur,
1684 1841 1725 1879 et

149 1913 199 1955 de
230 1912 401 1970 linguae
433 1911 616 1955 Graecae
649 1914 807 1953 ratione
841 1916 881 1953 et
913 1925 992 1952 usu
1023 1925 1074 1953 ne
1107 1913 1264 1967 cogitat
1300 1910 1486 1965 quidem.
1538 1908 1584 1949 In
1617 1907 1725 1949 libro

149 1984 197 2025 de
228 1984 340 2025 Iside
371 1991 410 2024 et
448 1983 603 2023 osiride
634 1997 731 2038 pag.
768 1981 852 2023 352
874 1998 911 2022 a.
949 1984 1055 2024 serio
1088 1983 1275 2038 graviter
1306 1982 1367 2022 ita
1400 1979 1568 2021 scribit:
1602 1980 1726 2032 ipsum

150 2070 284 2096 nomen
317 2055 449 2108 templi
479 2053 603 2094 Isidis
637 2058 834 2094 ΣΑΦΩΟ
869 2052 1187 2102 ἐπαγγέλλεται
1216 2050 1282 2091 καὶ
1310 2054 1457 2100 γνῶσιν
1484 2049 1551 2090 καὶ
1581 2049 1727 2096 εἴδησιν

152 2130 222 2167 τοῦ
251 2127 484 2166 ’'ONTOC.
551 2122 828 2175 Ὀνομαζεται
867 2123 948 2173 γαρ
982 2125 1183 2163 'ICGION
1220 2122 1268 2165 ὡς
1303 2124 1648 2161 ΕΙΕΟΜΕΝΩΝ
1683 2120 1726 2159 τὸ

147 2198 273 2246 '‘ON,
311 2194 359 2237 ἂν
392 2195 503 2243 μετα
536 2194 660 2243 λόγου
701 2195 992 2244 προσέλθωμεν.
1058 2192 1141 2233 Hic
1174 2206 1224 2233 ne
1256 2190 1607 2247 Wyttenbachius
1640 2192 1729 2245 qui-

153 2267 248 2309 dem
294 2267 503 2308 continere
536 2279 577 2306 se
610 2265 749 2319 potuit
781 2264 851 2305 sed
887 2264 1049 2313 „merito
1086 2264 1256 2317 (inquit)
1289 2262 1442 2302 dubites
1472 2262 1727 2302 Plutarchum

153 2337 365 2378 credidisse
396 2336 439 2376 in
471 2337 543 2376 leae
574 2335 752 2375 vocabuli
771 2335 914 2388 forma
947 2334 1117 2389 (Ἰσεῖον)
1140 2337 1280 2386 partes
1311 2347 1389 2373 esse
1419 2335 1487 2372 τοῦ
1519 2331 1650 2382 ὄντος,
1685 2347 1730 2373 ac

154 2423 231 2450 non
263 2411 484 2460 arqumento
518 2410 553 2447 et
583 2406 775 2455 mulieris,
814 2406 868 2445 acl
890 2420 1003 2460 quam
1034 2404 1240 2453 scribebat,
1276 2402 1430 2455 inyenio
1457 2417 1497 2443 se
1528 2417 1730 2444 accommo-

156 2477 305 2520 dasse'’.
366 2477 549 2531 Utrique
589 2476 689 2517 fecit
721 2477 920 2516 iniuriam
955 2479 995 2516 et
1027 2474 1255 2515 Plutarcho
1288 2475 1341 2525 τῷ
1375 2477 1622 2528 φιλαληθεῖ,
1657 2475 1729 2528 qui

158 2562 292 2591 errare
333 2549 378 2588 in
418 2548 485 2588 his
529 2550 570 2588 et
613 2548 817 2588 caecutire
861 2550 901 2587 et
942 2545 1193 2586 hallucinari
1225 2547 1412 2599 poterat,
1457 2543 1528 2585 sed
1559 2544 1731 2584 mentiri

158 2633 240 2661 non
281 2622 464 2673 poterat,
508 2620 549 2658 et
581 2618 763 2670 optimae
799 2614 945 2663 Cleae,
990 2629 1093 2670 quae
1125 2617 1169 2656 in
1201 2615 1352 2656 harum
1386 2614 1556 2669 quidem
1590 2627 1728 2655 rerum

157 2688 441 2744 intelligentia
472 2687 701 2728 Plutarcho
732 2686 841 2727 nihil
874 2686 1135 2728 concedebat.

220 2758 405 2800 Ioculare
453 2762 514 2799 est
562 2758 731 2812 quidem
773 2758 817 2797 in
860 2759 996 2797 Ἰσεῖον
1038 2756 1082 2796 τὸ
1120 2755 1220 2797 ’ῸΝ
1264 2757 1396 2796 inesse
1428 2758 1598 2809 putare,
1632 2767 1731 2794 nam

164 2829 265 2885 quid
296 2830 423 2870 facias
454 2830 499 2869 in
531 2833 714 2881 κουρεῖον,
747 2829 950 2877 ασωτεῖον,
986 2830 1232 2879 σκαριφεῖον,
1269 2829 1520 2875 κασαυρεῖον,
1557 2823 1731 2873 affirm,

163 2903 335 2955 πορνεῖον
367 2898 543 2954 aliisque
574 2897 973 2949 innumerabilibus,
1010 2898 1161 2952 quibus
1199 2895 1292 2948 πρὸς
1326 2895 1371 2937 τὸ
1399 2893 1499 2936 ’ῸΝ
1533 2892 1641 2934 nihil
1672 2896 1734 2939 est
