1946 3298
902 158 956 201 47

141 280 286 330 ἀγαθοὶ
330 279 427 324 εἶναι
472 282 590 328 δῆλον
629 278 687 322 ὅτι
717 286 793 323 τῶν
825 283 989 332 οὲγαθῶν
1022 284 1291 335 ἐπιθυμοῦσιν.
1340 287 1619 343 Perspicuum
1652 293 1714 333 est

138 354 363 396 Platonem
393 367 476 395 non
511 353 572 394 bis
604 352 676 394 sed
705 352 836 394 Semel
861 355 1047 407 posuisse
1073 356 1223 397 verba:
1251 357 1284 397 οἱ
1312 359 1552 407 ἀγνοοῦντες
1581 362 1711 417 αὐτοὶ,

139 438 244 480 quae
281 425 380 479 quia
410 426 546 479 priore
578 423 669 465 loco
702 427 743 465 et
775 423 930 480 frigide
960 425 1172 467 abundent
1204 430 1245 468 et
1273 431 1577 483 oppositionem
1603 433 1712 475 inter

137 499 214 536 τῶν
247 498 379 536 κακῶν
410 498 452 536 et
484 495 580 536 ἀλλ’
616 493 770 535 ἐκείνων
805 494 1024 536 debilitent
1067 510 1150 538 una
1181 496 1311 539 litura
1344 499 1519 542 delenda
1550 505 1661 544 sunt.

197 637 302 693 Pag.
338 635 406 679 78.
438 636 483 677 d.
515 634 675 686 πότερον
705 634 914 686 προστίθης
944 648 1005 685 τι,·
1035 635 1145 686 Alii,
1172 639 1221 678 ut
1246 638 1290 678 in
1316 638 1382 679 his
1410 639 1556 682 formis
1583 640 1710 689 solet,

139 708 358 759 προστιθείς
393 710 434 748 et
466 707 687 757 προστιθεῖς
721 706 935 747 dederunt.
985 704 1096 747 Satis
1129 707 1510 751 demonstravimus
1543 714 1584 752 et
1612 711 1712 753 alibi

138 781 180 821 et
207 779 258 820 ad
285 778 612 820 Demosthenem
639 778 802 819 Atticos
834 780 1070 818 constanter
1092 777 1246 820 dixisse
1274 782 1520 835 προστιθεῖς,
1543 780 1709 837 ξυνιεῖς,

137 850 277 901 οἶφιεῖς
311 853 350 890 et
383 849 479 890 sim.
514 849 668 890 omnia.

194 990 299 1046 Pag.
348 988 418 1030 80.
459 1003 495 1031 a.
529 988 596 1030 καὶ
631 988 712 1040 γὰρ
745 986 848 1035 αὕτη
885 988 923 1044 (ἦ
956 987 1097 1040 νάρκη)
1127 988 1194 1030 τὸν
1228 989 1290 1030 ἀεὶ
1327 991 1606 1044 πλησιάζοντα
1640 1001 1708 1043 καὶ

136 1059 364 1110 ἁπτόμενον
403 1062 553 1111 ναρκοῖν
597 1065 728 1109 ποιεῖ,
773 1058 840 1100 καὶ
885 1059 933 1100 σὺ
975 1060 1101 1105 δοκεῖς
1145 1075 1211 1110 μοι
1255 1064 1320 1102 νῦν
1364 1063 1435 1111 ἐμὲ
1469 1064 1642 1105 τοιοῦτόν
1671 1080 1709 1107 τι

134 1131 394 1179 πεποιηκέναι
426 1131 622 1186 [ναρκᾶν]
663 1130 758 1185 Ipsa
783 1130 1008 1171 verborum
1036 1132 1285 1185 compositio
1314 1134 1524 1176 emblema
1551 1136 1708 1191 arguit.

193 1272 298 1329 Pag.
333 1270 403 1312 89.
438 1285 472 1312 e.
506 1272 550 1311 in
581 1270 700 1311 libris
733 1273 817 1311 est:
852 1270 906 1316 εἷς
940 1271 1064 1312 καλὸν
1098 1272 1193 1320 ἡμῖν
1227 1271 1390 1317 αὐτὸς
1424 1269 1489 1313 ὅδε
1525 1289 1706 1324 παρεκα-

135 1343 278 1395 θέζετο.
315 1342 396 1383 Pro
423 1341 543 1386 αὐτός
575 1341 798 1382 Platonem
826 1343 1039 1396 scripsisse
1062 1343 1233 1388 ’Ἄνυτος
1267 1342 1479 1384 intellexit
1511 1343 1709 1386 Struvius

135 1418 176 1456 et
223 1414 296 1454 diu
344 1417 438 1454 ante
482 1416 685 1454 corrector
732 1410 896 1453 Codicis
944 1412 1184 1453 Florentini.
1242 1412 1324 1454 Res
1370 1417 1432 1455 est
1477 1417 1708 1470 perspicua.

135 1484 335 1539 Sequitur
359 1485 403 1524 in
430 1483 678 1524 Bodleiano:
708 1482 868 1529 εἰκότως
899 1482 931 1522 δ’
960 1483 1009 1524 ἂν
1038 1484 1283 1532 μεταδοῖμεν
1306 1484 1404 1526 ’'AN
1453 1485 1708 1528 ’'ANTTOC

134 1554 214 1606 γαρ
262 1555 342 1595 κτὲ.
393 1554 681 1596 Resecandum
724 1557 786 1595 est
828 1553 1008 1595 alterum
1051 1552 1124 1603 ἄν,
1170 1568 1220 1596 ex
1257 1569 1315 1610 sq.
1350 1555 1514 1611 syllaba
1545 1560 1707 1599 natum.

133 1626 180 1667 In
213 1629 300 1667 tam
332 1626 476 1680 paucis
508 1625 646 1666 verbis
678 1623 727 1665 ἄν
759 1626 901 1666 iterari
934 1638 1015 1666 non
1048 1627 1199 1680 potuit.

193 1766 240 1807 In
281 1767 334 1806 iis
378 1780 483 1820 quae
516 1765 565 1806 de
597 1765 739 1821 Anyto
771 1765 916 1806 scribit
953 1779 1047 1821 pag.
1084 1764 1140 1806 90
1171 1766 1221 1815 b,
1256 1767 1412 1821 ubique
1445 1771 1541 1808 sunt
1574 1769 1708 1810 aculei

132 1839 176 1878 in
207 1837 438 1890 hominem,
471 1850 596 1891 quem
629 1835 750 1877 Plato
784 1837 962 1890 pessime
990 1836 1152 1886 oderat,
1181 1851 1278 1878 nam
1306 1837 1424 1879 nulla
1453 1852 1539 1880 esse
1571 1844 1709 1894 potest

133 1910 413 1950 controversia
460 1909 560 1962 quin
604 1907 706 1948 haec
751 1910 844 1961 post
887 1905 1069 1948 Socratis
1110 1911 1290 1949 mortem
1332 1910 1486 1963 scripta
1532 1910 1688 1952 fuerint
1728 1941 1731 1944 -

134 1978 253 2030 Quod
281 1980 414 2034 igitur
441 1979 574 2033 Anyti
601 1981 763 2032 patrem
792 1978 1120 2019 Anthemionem
1147 1978 1292 2020 laudat
1321 1981 1416 2033 (οὐχ
1451 1981 1705 2033 ὑπερήφανος

132 2050 300 2097 πολίτης
345 2049 430 2090 οὐδὲ
474 2047 651 2098 ὀγκώδης
694 2064 738 2089 τε
782 2047 850 2088 καὶ
895 2049 1100 2105 ἐπαχθής)
1146 2050 1212 2090 his
1255 2051 1448 2092 omnibus
1481 2056 1588 2094 tecte
1621 2051 1706 2094 filio

131 2121 324 2176 superbia
371 2123 412 2161 et
458 2120 697 2176 arrogantia
745 2120 1029 2174 exprobratur.
1096 2120 1265 2162 Leniter
1317 2123 1444 2162 etiam
1495 2123 1708 2165 deridetur

130 2195 271 2247 pater,
319 2205 443 2246 quem
483 2191 706 2232 coriarium
752 2190 1036 2246 (βυρσοδέψην)
1083 2194 1244 2232 constat
1285 2191 1413 2233 fuisse
1456 2193 1542 2234 vid.
1613 2195 1704 2236 Nov.

129 2263 253 2304 Zered.
283 2276 378 2319 pag.
409 2260 507 2303 671.
553 2260 599 2302 Si
627 2260 723 2302 talis
750 2261 876 2302 homo
904 2275 927 2302 a
953 2261 1150 2311 Platone,
1181 2264 1253 2316 qui
1282 2276 1449 2305 summo
1476 2263 1566 2306 loco
1582 2269 1706 2307 natus

131 2337 238 2387 erat,
271 2333 468 2375 laudatur
501 2332 551 2373 ob
584 2332 836 2373 modestiam
867 2335 908 2373 et
941 2333 1057 2373 omni
1082 2332 1194 2373 fastu
1224 2335 1265 2374 et
1294 2336 1531 2390 arrogantia
1557 2349 1705 2378 vacare

131 2405 286 2446 dicitur
319 2406 338 2452 η
375 2404 547 2455 εἱρωνεία
581 2407 643 2445 est
672 2403 907 2445 manifesta.
959 2401 1168 2458 Graphice
1204 2404 1397 2461 depingit
1428 2406 1560 2461 Anyti
1593 2420 1706 2462 aspe-

129 2476 301 2516 ritatem
345 2478 386 2516 et
418 2476 639 2516 saevitiam
672 2478 713 2515 et
745 2474 1060 2515 acerbissimum
1091 2476 1135 2515 in
1167 2473 1384 2530 Sophistas
1416 2476 1585 2527 odium,
1621 2492 1707 2519 cor-

129 2549 320 2601 ruptores
349 2546 606 2598 iuventutis‚
653 2558 733 2599 quo
776 2549 816 2586 et
849 2544 1063 2587 Socratem
1105 2546 1388 2587 insectabatur
1425 2560 1519 2603 pag.
1567 2547 1636 2589 91.
1671 2563 1702 2590 c.

131 2616 201 2659 92.
246 2631 269 2659 a
311 2620 352 2658 et
394 2617 433 2658 b.
482 2618 530 2656 ut
572 2616 764 2657 futurum
796 2615 977 2658 Socratis
1010 2620 1293 2658 accusatorem
1326 2616 1447 2659 facile
1480 2632 1702 2674 agnoscaS,

129 2690 198 2731 cui
230 2688 398 2742 oblique
429 2686 595 2728 malum
627 2688 812 2728 minatur
843 2701 938 2744 pag.
974 2686 1043 2728 94.
1078 2701 1113 2728 c.

189 2758 339 2800 Paullo
383 2761 477 2800 ante
518 2758 593 2799 ubi
633 2759 838 2807 Ἰσμηνίας
881 2758 897 2798 ὂ
945 2758 1126 2808 Θηβαῖος
1166 2762 1358 2800 narratur
1388 2762 1557 2813 repente
1589 2760 1705 2802 dives

130 2844 217 2871 esse
248 2829 383 2871 factus
411 2829 584 2881 εἰληφὼς
616 2830 671 2870 τοὶ
698 2827 980 2880 Πολυκράτους
1009 2830 1212 2881 χρήματα
1242 2831 1386 2884 pauci,
1416 2830 1557 2879 credo,
1578 2829 1702 2872 Stall-

130 2900 300 2942 baumio
339 2900 506 2942 credent
538 2900 809 2957 Polycratem
843 2914 929 2942 esse
966 2904 1151 2942 veterem
1185 2899 1425 2943 Samiorum
1458 2904 1699 2959 tyrannum.
