1946 3298
973 165 1029 209 90

216 288 390 342 γένειον,
436 291 503 333 τὸν
545 292 747 342 πώγωνα,
793 295 866 334 aut
897 292 964 333 τὸν
999 293 1173 342 πώγωνα
1206 294 1448 345 καθειμένος.
1513 293 1791 350 Lepidissime

214 362 434 418 Ephippus
465 363 614 405 Athen.
651 377 689 418 p.
727 361 811 404 509
830 375 870 404 D.
906 363 955 405 de
987 363 1207 406 barbatulo
1240 366 1414 406 iuvene:

519 431 561 476 εὖ
593 432 628 475 δ’
665 433 890 479 ὑποκαθιεὶς
924 432 1064 482 άτομα
1097 435 1283 484 πώγωνος
1315 433 1439 484 βάθη.

276 505 423 561 Itaque
464 504 591 547 Dioni
635 517 797 559 quoque
836 504 1059 545 reddamus
1091 518 1216 546 suum
1249 504 1305 546 τα
1337 504 1477 554 γένεια
1509 502 1792 550 ΚΑΘεικότες.

216 575 376 618 Eodem
401 576 526 617 modo
555 575 662 616 dixit
686 588 784 630 pag.
813 573 882 615 61.
912 573 1151 624 πλοκάμους
1183 575 1223 616 δέ
1244 590 1356 620 τινας
1375 575 1535 621 πολιοὺς
1571 575 1793 628 καθεῖτο,

218 653 260 688 et
290 660 386 703 pag.
424 644 521 687 167.
557 642 631 686 οἷον
665 644 755 691 τοὺς
790 644 1000 694 ποταμοὺς
1033 645 1349 695 κατακειμένους
1385 647 1563 696 γυμνοὺς
1598 645 1644 686 τὸ
1674 643 1795 686 πλέον

217 717 367 768 γένειον
412 717 514 758 πολὺ
559 714 883 760 καθεικότας
925 717 1093 766 μυρίκην
1136 716 1157 764 ἢ
1203 716 1394 766 κάλαμον
1435 715 1792 768 ἐςεφανωμένους,

217 790 293 830 ubi
335 788 456 829 scrib.
500 786 648 837 γένειον
688 792 832 827 ΒΑΘΤ
867 785 1116 832 καθεικότας.
1176 786 1379 843 Diogenis
1410 786 1568 828 Laertii
1597 785 1715 828 locus
1747 784 1797 827 de

219 859 469 901 Antisthene
511 857 581 898 VI.
629 857 694 899 13.
741 858 786 897 in
829 856 941 898 hunc
972 856 1146 898 modum
1179 857 1494 899 constituendus
1526 860 1611 898 est:
1646 860 1797 908 πρῶτον

220 930 260 972 δὲ
293 930 361 971 καὶ
395 928 575 976 Νεάνθης
609 928 733 980 φησιν
766 927 965 969 διπλῶσαι
999 927 1202 977 θοιμάτιον
1238 926 1515 984 (Σωσικράτης
1552 927 1585 968 δ’
1619 927 1657 968 ἐν
1684 927 1797 979 τρίτη

223 1000 434 1051 Διαδοχῶν
478 999 667 1050 Διόδωρον
709 998 775 1039 τὸν
814 998 1078 1055 Ἀσπένδιον.)
1114 998 1181 1040 καὶ
1217 1000 1394 1049 πώγωνα
1438 998 1684 1040 καθεῖναι
1727 996 1795 1038 καὶ

220 1070 387 1123 βάκτρῳ
421 1070 487 1111 καὶ
522 1071 629 1122 πήρα
660 1069 848 1121 χρῆσθαι.

282 1209 401 1263 Quod
431 1209 510 1252 Dio
543 1208 661 1251 Tom.
697 1207 750 1250 II.
783 1222 880 1265 pag.
916 1207 988 1251 87.
1022 1210 1124 1251 scite
1155 1213 1197 1251 et
1229 1209 1421 1260 ὁμηρικῶς
1455 1208 1617 1250 dixerat
1645 1206 1798 1249 sciolus

222 1281 475 1323 emblemate
516 1279 760 1321 maculavit.
823 1279 998 1322 Dixerat
1042 1281 1178 1321 enim:
1223 1280 1530 1332 προθυμήσομαι
1574 1280 1700 1320 εἰπεῖν
1731 1277 1799 1319 τὸν

221 1352 341 1402 λόγον
375 1352 487 1392 κατ’
518 1350 773 1398 ἐμαυτόν·

462 1421 628 1472 άνδράσι
661 1421 700 1462 δὲ
735 1421 971 1473 προτέροισιν
1006 1421 1181 1474 ἐριζέμεν
1214 1423 1283 1464 οὐκ
1318 1422 1503 1470 ἐθελήσω.

220 1494 271 1536 ad
315 1493 442 1536 verba
483 1492 575 1534 κατ’
621 1492 797 1542 ἐμαυτόν
839 1494 904 1534 cui
936 1506 1018 1534 non
1049 1489 1192 1536 veniat
1222 1495 1268 1535 in
1298 1497 1486 1535 mentem
1518 1492 1707 1535 Nestoris
1738 1494 1800 1535 ita

221 1565 421 1607 dicentis:

433 1635 500 1676 καὶ
534 1634 734 1686 μαχόμην
768 1634 882 1675 κατ’
916 1635 1152 1684 ἐμαυτὸν
1184 1636 1285 1686 ἐγώ·
1320 1635 1479 1677 κείνοισι
1512 1635 1594 1676 κτὲ.

281 1706 392 1749 Satis
434 1710 518 1760 est,
553 1705 694 1760 credo,
726 1707 997 1761 perspicuum
1030 1706 1130 1761 quid
1162 1708 1217 1747 sit
1250 1707 1343 1746 κατ’
1379 1705 1569 1755 ἐμαυτόν.
1635 1704 1796 1747 Tamen

221 1779 423 1834 explicuit
463 1779 600 1819 nescio
643 1779 735 1831 quis
777 1778 821 1818 in
862 1779 1054 1834 margine
1097 1777 1301 1832 hodieque
1340 1777 1448 1832 apud
1481 1776 1660 1818 Dionem
1692 1776 1797 1832 legi-

220 1854 310 1891 tur:
358 1850 482 1890 εἷπεῖν
525 1847 591 1888 τὸν
635 1846 757 1897 λόγον
804 1848 868 1902 [ὡς
907 1847 956 1888 ἂν
990 1848 1068 1898 ἐγὼ
1103 1848 1297 1903 δύνωμαι]
1334 1847 1430 1889 κατ’
1465 1847 1655 1897 ἐμαυτόν.
1719 1845 1797 1888 Ve—

220 1922 464 1962 nustissime
497 1921 624 1960 etiam
656 1917 736 1959 Dio
769 1920 813 1959 in
845 1932 886 1960 se
917 1919 1253 1961 accommodavit
1286 1919 1412 1962 verba
1443 1918 1610 1975 Ulyssis

469 1989 632 2040 άνδράσι
668 1989 707 2031 δὲ
741 1989 978 2041 προτέροισιν
1013 1989 1190 2043 ἐριζέμεν
1223 1992 1292 2033 οὐκ
1326 1991 1511 2039 ἐθελήσω.

222 2077 272 2105 ex
305 2061 453 2118 Odyss.
489 2067 538 2101 Θ.
574 2058 673 2101 223.

281 2202 400 2244 Tom.
441 2200 495 2243 Π.
537 2215 633 2257 pag.
677 2199 747 2242 87.
792 2204 931 2242 ταῦτα
976 2201 1015 2242 δὲ
1058 2202 1176 2243 εἰπὼν
1220 2202 1313 2255 πρὸς
1359 2201 1503 2243 ἐκεῖνον
1543 2200 1649 2243 οὐδὲν
1682 2198 1797 2249 ἧττον

226 2272 492 2321 ὑπεκινούμην
526 2272 592 2312 καὶ
626 2272 880 2324 ἀνεφερόμην
913 2272 1052 2323 τρόπον
1086 2274 1177 2314 τινα
1209 2273 1477 2322 άναμνησθεὶς
1505 2271 1724 2318 Πλάτωνός
1751 2287 1796 2312 τε

223 2345 291 2385 καὶ
335 2344 527 2394 Ὁμήρου.
590 2341 696 2384 Vera
738 2346 779 2384 et
821 2344 993 2397 antiqua
1032 2343 1158 2385 lectio
1191 2343 1495 2399 propemodum
1527 2344 1685 2384 intacta
1717 2356 1797 2384 ser-

221 2419 320 2457 vata
353 2419 414 2456 est
446 2416 490 2455 in
521 2413 664 2462 libris,
700 2414 771 2455 sed
804 2413 854 2455 ob
886 2413 979 2455 leve
1007 2415 1213 2456 scribendi
1240 2416 1396 2456 vitium
1423 2413 1799 2468 nondum-reperta

223 2486 418 2528 deteriori
460 2484 558 2526 fecit
598 2483 752 2525 locum.
817 2483 892 2525 Est
933 2486 1047 2525 enim
1089 2486 1133 2525 in
1175 2482 1302 2526 Codd.
1350 2485 1416 2525 ὑπ’
1459 2485 1629 2533 ἐκείνου,
1672 2487 1713 2525 et
1752 2485 1797 2525 in

222 2558 381 2612 optimo
443 2554 509 2594 ὑπ’
568 2554 761 2603 ἐκείνουν,
819 2558 860 2596 et
915 2554 992 2595 hoc
1041 2555 1211 2609 quidem
1257 2553 1367 2595 nihil
1414 2558 1496 2603 est,
1546 2554 1618 2596 sed
1665 2554 1798 2596 scribe

220 2629 601 2669 ὛΠΕΚΘΙΝΟΎΝ
650 2628 691 2666 et
737 2625 875 2681 cogita
921 2625 1020 2679 quid
1066 2627 1145 2666 sit:
1188 2639 1340 2680 nempe
1383 2625 1587 2666 ὑπεκίνουν
1630 2627 1797 2666 vetusto

223 2711 338 2740 more
382 2702 398 2736 I
430 2695 555 2751 longo
587 2696 631 2735 in
666 2700 715 2735 ΕΙ
749 2708 943 2736 converso
1024 2696 1149 2750 Apud
1181 2700 1341 2738 veteres
1374 2702 1415 2737 et
1445 2695 1639 2750 probatos
1671 2696 1795 2750 scrip-

223 2773 333 2811 tores
386 2766 673 2814 Herodotum,
734 2765 1081 2819 Aristophanem,
1139 2766 1382 2815 Platonem,
1446 2765 1794 2820 Xenophontem,

227 2840 422 2882 ὑποκινεῖν
464 2836 780 2877 intransitivum
823 2835 1000 2876 verbum
1042 2840 1103 2878 est
1139 2841 1188 2878 ut
1219 2842 1466 2888 παρακινεῖν.
1531 2836 1650 2888 Quod
1683 2850 1798 2891 repo-

223 2910 349 2954 nebat
387 2907 657 2950 Casaubonus
701 2905 1002 2958 άνεπτερούμην
1043 2907 1087 2948 id
1133 2909 1274 2962 ipsum
1321 2907 1526 2949 ὑπεκίνουν
1573 2906 1795 2963 significat.
