1946 3298
971 150 1026 194 48

209 282 452 339 Polycrates
489 280 710 323 Thebanus
741 280 879 320 nescio
923 279 1015 332 quis
1055 275 1283 317 Ismeniam
1321 274 1517 316 heredem
1551 275 1781 329 scripserat.

269 423 373 479 Pag.
421 421 489 463 91.
537 423 574 463 b.
610 424 831 475 postquam
865 418 1048 459 dixerat:
1084 415 1198 465 παρα
1231 415 1323 460 τοὺς
1357 415 1515 466 ἰατροὺς
1550 415 1782 464 πέμποντες

209 492 320 534 τόνδε
369 498 501 537 καλῶς
552 491 600 533 ἂν
650 491 886 540 ἐπέμπομεν
932 487 1169 537 βουλόμενοι
1218 484 1352 535 ἰατρὸν
1402 485 1600 534 γενέσθαι.
1661 485 1784 527 Nunc

211 567 375 610 autem,
417 565 580 618 inquit,
631 563 820 610 ἐπιθυμεῖ
858 559 1012 605 ταύτης
1056 563 1127 604 τῆς
1172 556 1320 607 σοφίας
1364 555 1430 596 καὶ
1477 556 1645 606 αρετῆς,
1691 553 1714 608 ᾗ
1752 557 1784 597 οἱ

210 632 399 685 ἄνθρωποι
431 633 508 678 τας
540 649 584 673 τε
611 633 736 675 οἰκίας
767 630 833 671 καὶ
859 630 935 675 τας
964 628 1101 673 πόλεις
1132 631 1265 672 καλῶς
1297 626 1514 667 διοικοῦσιν.
1545 650 1601 656 -
1629 626 1784 674 ταύτην

209 703 273 746 οὖν
320 706 390 752 την
438 704 581 755 ἀρετ-ην
629 702 769 743 σκόπει
818 699 930 750 παρα
979 699 1092 744 τίνας
1137 698 1186 739 ἂν
1232 698 1460 747 πέμποντες
1506 697 1628 738 αὐτὸν
1671 698 1783 748 ὀρθῶς

210 777 456 825 πέμποιμεν.
502 774 728 815 Manifesto
769 770 930 825 aliquid
973 769 1129 810 excidit
1167 768 1277 810 unde
1325 769 1586 809 accusativus
1628 769 1785 816 ταύτην

209 850 280 893 την
313 847 455 895 ἀρετὴν
489 844 707 899 pendebat.
759 841 860 893 Quis
894 841 1006 881 enim
1041 852 1170 893 aequo
1203 840 1344 880 animo
1379 838 1483 880 feret
1515 838 1624 893 quod
1658 837 1784 880 Stall-

208 919 404 959 baumius
447 916 685 957 annotavit:
731 915 1009 962 „aecusativus
1052 914 1119 950 aut
1162 910 1335 950 absolute
1363 910 1519 963 positus
1552 913 1606 949 est
1639 913 1709 950 aut
1739 923 1785 950 etc

208 993 429 1029 structurae
472 985 684 1026 mutatione
727 980 1016 1036 eaplicmzduss'
1064 979 1157 1021 Hae
1189 984 1286 1021 sunt
1319 982 1431 1021 enim
1463 979 1562 1021 illae
1595 982 1785 1036 argutiae

205 1058 463 1105 malesanae,
505 1070 605 1110 quas
651 1057 694 1095 in
726 1052 982 1095 Gothofredo
1014 1050 1257 1092 Hermanno
1304 1057 1393 1092 tam
1438 1052 1587 1092 acriter
1619 1051 1785 1093 Madvi-

209 1132 305 1186 gius
338 1140 505 1170 summo
535 1128 626 1167 iure
659 1125 860 1180 exagitat.
911 1122 1012 1163 Loci
1040 1123 1267 1174 sententia,
1296 1135 1398 1176 quae
1425 1121 1671 1175 planissima
1699 1124 1783 1174 est,

211 1200 326 1242 affert
367 1198 517 1239 lucem.
576 1195 802 1237 Manifesto
847 1195 958 1234 enim
1000 1194 1252 1247 requiritur:
1292 1193 1393 1232 bane
1435 1192 1558 1245 {qitzar
1603 1195 1784 1232 virtutem

209 1283 262 1312 UT
304 1280 478 1316 DISCAT,
522 1268 575 1307 ad
614 1281 707 1321 quos
749 1280 832 1306 eum
874 1264 1026 1304 mittere
1067 1262 1276 1303 debemus?
1322 1262 1434 1318 Ergo
1473 1261 1596 1303 Plato
1629 1263 1784 1303 dixisse

208 1343 364 1396 potest:
417 1337 570 1384 ταύτην
618 1333 680 1377 οὖν
728 1337 799 1382 την
842 1335 985 1385 οΞρετην
1030 1333 1342 1384 (μαθησόμενον)
1387 1332 1500 1383 παρα
1541 1332 1655 1379 τίνας
1698 1333 1782 1374 κτὲ.

208 1411 299 1454 Usu
340 1411 596 1452 tritumest
638 1404 916 1455 ,μαθησόμενον
961 1404 1139 1454 πέμπειν
1184 1407 1225 1445 et
1267 1403 1546 1453 μαθησόμενος
1589 1403 1714 1453 ἱέναι,
1749 1404 1785 1444 si

210 1483 302 1537 quis
353 1482 421 1522 cui
466 1484 538 1522 aut
581 1478 712 1520 alium
756 1481 830 1518 aut
868 1480 1002 1518 semet
1044 1478 1185 1530 ipsum
1229 1476 1274 1515 in
1316 1474 1581 1529 disciplinam
1622 1474 1785 1515 tradere

212 1553 389 1605 dicitur,
432 1555 481 1591 ut
521 1551 565 1590 in
608 1548 800 1604 Symposio
840 1546 941 1588 206.
980 1547 1019 1588 b.
1066 1546 1234 1598 ἐφοίτων
1273 1545 1386 1597 παρὰ
1425 1545 1469 1586 σὲ
1502 1545 1612 1586 αὐτοὶ
1644 1547 1784 1585 ταῦτα

211 1621 505 1673 μαθησόμενος.
568 1619 711 1661 Potest
757 1619 886 1660 etiam
929 1617 1011 1659 alio
1043 1617 1167 1659 modo
1211 1616 1437 1674 verborum
1482 1621 1523 1657 et
1555 1617 1784 1657 sententiae

210 1693 323 1735 labes
356 1693 523 1741 sarciri,
567 1690 721 1732 veluti:
768 1688 923 1735 ταύτην
967 1684 1031 1729 οὖν
1069 1688 1140 1735 την
1184 1687 1328 1738 ἀρετ-ην
1363 1686 1617 1741 (βουλόμενοι
1660 1686 1783 1728 αὐτὸν

211 1765 334 1816 σοφὸν
376 1760 579 1817 γενέσθαι)
616 1761 730 1811 παρα
770 1760 882 1806 τίνας
919 1759 1000 1800 κτὲ.
1033 1762 1082 1800 ut
1119 1772 1244 1813 supra
1283 1757 1353 1799 90.
1389 1773 1423 1800 c.
1467 1759 1500 1799 εἰ
1533 1757 1783 1808 βουλοίμεθα

210 1834 382 1875 Μένωνα
414 1831 524 1874 τόνδε
568 1833 723 1882 ἀγαθὸν
757 1830 890 1882 ἰατρὸν
923 1830 1110 1880 γενέσθαι
1141 1830 1253 1879 παρα
1287 1830 1400 1874 τίνας
1441 1829 1491 1870 ἂν
1523 1829 1647 1870 αὐτὸν
1680 1829 1783 1880 πέμ-

209 1920 375 1953 ποιμεν;
425 1908 466 1945 et
517 1906 610 1958 post
664 1912 816 1957 pauca:
863 1901 978 1951 παρα
1025 1901 1117 1946 τοὺς
1168 1900 1326 1950 ἰατροὺς
1388 1899 1617 1949 πέμποντες
1666 1899 1779 1942 τόνδε

210 1980 343 2019 καλῶς
377 1973 426 2015 ἂν
458 1974 695 2021 ἐπέμπομεν
729 1972 965 2021 βουλόμενοι
999 1972 1133 2022 ἰατρὸν
1162 1970 1362 2022 γενέσθαι.
1429 1970 1645 2014 Sententia
1673 1975 1784 2013 certa

212 2050 296 2100 est,
330 2045 456 2087 verba
487 2045 578 2099 ipsa
611 2045 704 2098 quis
735 2040 989 2098 praestabit?

274 2185 435 2227 Menon.
469 2197 566 2240 pag.
603 2182 672 2224 91.
706 2195 744 2224 Β.
789 2185 1067 2224 ’'ANTTOC.
1102 2182 1170 2223 καὶ
1210 2183 1323 2229 τίνας
1367 2182 1504 2232 λέγεις
1538 2181 1724 2236 τούτους,
1757 2179 1784 2223 ὦ

214 2255 450 2305 Σώκρατες;
500 2259 598 2295 ΣΩ.
634 2251 746 2295 οἶσθα
789 2253 914 2300 δήπου
961 2253 1029 2294 καὶ
1073 2253 1120 2293 σὺ
1164 2249 1223 2293 ὅτι
1270 2250 1375 2294 οὗτοί
1405 2254 1503 2294 εἷο-ιν
1548 2260 1719 2295 OIOTC
1751 2255 1783 2295 οἱ

211 2327 402 2377 ἄνθρωποι
434 2327 603 2365 καλοῦσι
632 2324 822 2376 σοφιςοὶς.
878 2324 1154 2365 Manifestum
1183 2324 1387 2365 mendum
1415 2325 1555 2374 Vides,
1589 2324 1661 2366 sed
1685 2337 1785 2365 vera

211 2398 336 2439 lectio
369 2396 420 2437 ad
460 2409 634 2436 manum
667 2398 750 2441 est,
794 2409 943 2449 nempe
977 2394 1087 2449 quod
1119 2395 1295 2449 quisque
1326 2396 1370 2435 in
1402 2393 1479 2436 tali
1511 2407 1554 2436 re
1587 2394 1782 2436 dixisset:

212 2466 318 2509 οὗτοί
361 2468 456 2507 εἰσιν
485 2472 592 2506 OTC
631 2466 663 2506 οἱ
696 2464 886 2515 ἄνθρωποι
919 2466 1003 2506 κτὲ.
1069 2464 1391 2520 Simplicissime
1426 2467 1589 2520 poterat
1629 2465 1783 2507 dicere:

213 2537 320 2580 οὗτοί
351 2537 448 2577 εἷο-ιν
479 2536 512 2576 οἱ
546 2536 785 2583 καλούμενοι
821 2537 1001 2586 commui.

273 2607 546 2650 Excandescit
587 2606 638 2646 ad
673 2606 821 2647 horum
864 2608 1123 2648 mentionem
1163 2608 1330 2662 Anytus
1363 2610 1403 2649 et
1441 2609 1485 2648 in
1526 2606 1626 2648 haec
1657 2607 1785 2648 verba

214 2680 418 2733 erumpit:
452 2677 690 2727 Ἡράκλεις,
721 2677 919 2726 εὐφήμει,
957 2674 982 2716 ὦ
1015 2676 1252 2727 Σώκρατες.
1289 2676 1444 2726 μηδένα
1472 2681 1548 2718 τῶν
1576 2680 1785 2726 συγγενῶν

215 2751 322 2800 μήτε
354 2748 484 2798 Φίλων
529 2748 633 2796 μήτε
677 2747 781 2789 οέςῶν
825 2747 931 2796 μήτε
975 2746 1090 2795 «Ξένων
1125 2747 1334 2795 ΤΟΙαύτη
1379 2748 1509 2796 μανία
1553 2747 1677 2797 λάβοι
1710 2745 1785 2791 ὥςε

215 2821 328 2871 παρὰ
382 2817 543 2861 τούτους
593 2816 761 2857 ἐλθόντα
810 2817 1064 2867 λωβηθῆναι.
1111 2818 1298 2866 Insania,
1348 2818 1549 2867 vecordia,
1593 2818 1787 2859 dementia

214 2907 295 2936 non
326 2889 457 2947 qualis
490 2889 544 2929 sit
576 2891 810 2943 spectatur,
845 2887 915 2929 sed
947 2892 1106 2944 quanta.
1170 2887 1316 2944 Itaque
1356 2902 1504 2930 verum
1537 2893 1599 2930 est
1630 2887 1785 2936 μηδένα
