1946 3298
903 158 989 202 463

218 283 496 328 Plutarchum
541 284 747 328 GALENUS
777 283 991 339 sequitur,
1034 287 1108 340 qui
1139 287 1184 329 in
1215 285 1323 329 libro
1358 285 1445 337 περὶ
1481 285 1732 337 διαγνώσεως

159 354 227 396 καὶ
261 355 476 407 θεραπείας
509 359 586 397 τῶν
619 356 658 398 ἐν
690 361 740 408 τῇ
776 353 922 399 {adcon
950 358 1071 408 ψυχῇ
1106 357 1212 398 ἰδίων
1240 358 1375 400 παθῶν
1403 357 1549 399 scribit
1574 371 1615 397 se
1639 357 1733 397 haec

159 425 426 484 Pytbaqorica
459 430 672 480 praecepta
714 425 772 466 bis
814 425 989 480 quotidie
1029 428 1247 468 memoriter
1287 428 1475 480 recitare,
1521 426 1591 467 sed
1634 425 1733 467 audi

159 494 301 549 ipsum
335 495 471 550 (Tom.
506 495 555 538 V.
590 509 687 552 pag.
724 494 779 536 30
814 494 1002 550 Kuhn.):
1046 501 1193 550 oportet
1232 499 1405 552 (inquit)
1448 495 1539 537 καθ’
1583 494 1732 542 ἑκαςην

162 563 313 614 ἡμέραν
346 567 495 608 σαυτὸν
529 566 854 616 ἀναμιμνήσκειν
888 590 945 597 -
974 567 1086 608 κατὰ
1118 568 1191 616 τὴν
1222 565 1270 608 ἕω
1304 567 1393 618 πρὶν
1425 565 1623 618 ἄρχεσθαι
1656 568 1733 606 τῶν

161 632 366 685 πράξεων,
411 637 466 683 εἷς
508 636 680 688 ἑσπέραν
713 636 753 677 δὲ
785 635 874 688 πρὶν
907 637 1219 679 ἀναπαύσεσθαι
1253 637 1436 686 μέλλειν.
1470 636 1549 686 ἐγὼ
1582 635 1731 683 δήποτε

161 703 229 745 καὶ
261 705 422 752 ταύτας
456 706 501 753 δὴ
533 707 631 752 τοὶς
674 706 979 759 φερομένας
1020 709 1080 754 ὡς
1122 708 1435 759 Πυθαγόρου
1479 704 1732 757 παραινέ-

162 789 274 821 σεις
306 774 434 817 εἴθισα
465 776 523 822 δὶς
555 782 627 825 τῆς
662 775 815 828 ἡμέρας
848 777 1171 828 οἷναγιγνώσκειν
1205 778 1280 827 μὲν
1311 778 1368 819 τα
1397 780 1563 830 πρῶτα,
1595 774 1733 826 λέγειν

163 843 195 885 δ’
226 843 310 885 ἀπὸ
354 844 532 896 ςόματος
576 845 722 899 ὕςερον.
767 848 952 902 Apparet
997 862 1047 889 ex
1078 848 1157 890 hoc
1187 850 1277 903 ipso
1307 848 1414 890 libro
1446 860 1542 903 pag.
1577 844 1646 888 26.
1682 845 1732 887 σὺ

164 913 206 956 δὲ
238 915 388 957 σαυτὸν
420 917 531 959 αἰδοῦ
565 916 732 967 μαλιςα
765 917 996 967 πειθόμενος
1028 918 1082 969 τῷ
1117 918 1270 971 φαντί·

431 986 594 1029 πάντων
627 988 666 1029 δὲ
698 986 846 1038 pedm&
881 987 1076 1039 αἷσχύνεο
1112 987 1276 1030 σαυτόν.

162 1057 205 1098 in
237 1057 287 1099 A.
325 1055 371 1100 O.
405 1071 466 1100 vs.
506 1057 576 1100 12.

437 1127 586 1182 orm-{m
619 1127 655 1170 δ’
695 1126 867 1180 αἰσχρόν
899 1144 999 1170 ποτε
1030 1129 1136 1180 μήτε
1168 1129 1262 1179 μετ’
1298 1128 1428 1171 ἄλλου

341 1196 439 1246 μήτ’
472 1199 570 1251 ἰδίῃ·
605 1198 768 1241 πάντων
802 1198 842 1240 δὲ
874 1197 1023 1248 μάλις’
1057 1199 1249 1251 αἰσχύνεο
1283 1199 1448 1241 σαυτόν.

163 1270 204 1310 et
235 1268 393 1309 iterum
423 1283 521 1325 pag.
550 1267 586 1311 7.
623 1269 735 1320 ὀρθῶς
770 1268 851 1321 γαρ
885 1267 1005 1311 ἔοικεν
1035 1271 1211 1323 εἰρῆσθαι
1240 1270 1285 1312 τὸ
1314 1275 1554 1311 ΜΕΤΡΟΝ
1574 1272 1737 1311 ’‘AP1c-

163 1343 285 1379 ToN
315 1339 360 1379 in
392 1339 442 1380 A.
477 1337 525 1382 C.
560 1354 621 1382 vs.
657 1338 727 1380 38.

223 1407 382 1451 Galeno
421 1411 638 1464 proximus
680 1416 742 1451 est
785 1408 986 1453 CLEMENS
1030 1411 1167 1453 ALEX.
1211 1410 1322 1467 (pag.
1361 1409 1430 1452 57.
1474 1409 1593 1466 Sylb.
1637 1407 1734 1450 154.

162 1479 317 1533 Pott.):
353 1480 370 1521 ὅ
404 1479 561 1530 Σάμιος
595 1480 890 1530 παραγγέλλει
925 1481 1191 1533 Πυθαγόρας·

345 1549 460 1591 δειλοὶ
492 1550 566 1600 μὲν
601 1550 803 1602 ἐκπρήξας
838 1551 1112 1602 ἑπιπλήσσεο,
1146 1552 1285 1603 χρηςοὶ
1319 1550 1359 1593 δὲ
1392 1550 1551 1603 τέρπευ.

162 1621 207 1661 in
238 1620 288 1662 A.
324 1617 370 1662 C.
404 1635 466 1663 vs.
501 1620 568 1661 44.

224 1690 424 1745 Sequitur
455 1690 752 1741 PORPHYRIUS,
787 1693 906 1734 cuius
936 1692 1078 1735 locum
1111 1706 1236 1749 supra
1264 1693 1558 1748 apposuimus,
1588 1690 1737 1733 deinde

163 1760 421 1803 Iamblichus
463 1765 505 1803 et
547 1762 622 1803 ubi
661 1762 850 1804 diximus
882 1766 923 1805 et
954 1765 998 1805 in
1030 1765 1053 1819 ξ
1088 1763 1187 1806 144.
1221 1765 1254 1805 οἱ
1287 1762 1548 1816 Πυθαγόρειοι
1583 1778 1739 1813 μεμνη-

165 1832 273 1882 μένοι
306 1837 377 1880 τῆς
412 1832 646 1884 Πυθαγόρου
683 1832 880 1882 ὑποθήκης
913 1840 1011 1882 τῆς·

345 1902 593 1949 Ἀθαναία-ους
628 1903 702 1953 μὲν
735 1907 875 1954 πρῶτα
908 1902 1025 1952 θεοὺς
1060 1904 1164 1958 νόμῳ
1200 1906 1249 1952 ὡς
1283 1903 1485 1946 διάκειται

345 1974 450 2023 τίμα
484 1973 552 2015 καὶ
587 1973 708 2023 σέβου
741 1972 875 2026 ὅρκον,
911 1973 1030 2017 ἔπειθ’
1064 1975 1190 2026 ἥρωας
1218 1974 1416 2026 οέγαυούς.

167 2043 277 2098 quod
309 2046 371 2085 est
403 2044 533 2085 Aurei
565 2042 775 2086 Carminis
804 2045 993 2088 initium.

224 2112 414 2155 Ultimus
457 2118 519 2155 est
559 2114 778 2157 STOBAEUS
796 2147 805 2164 ,
851 2117 924 2170 qui
966 2117 1010 2157 in
1052 2116 1268 2169 Florileqio
1305 2115 1464 2158 multos
1497 2131 1547 2158 ex
1579 2130 1625 2158 eo
1658 2129 1743 2157 car-

165 2184 280 2224 mine
312 2183 423 2225 locos
455 2183 633 2238 protulit
664 2198 766 2226 usus
799 2185 952 2228 Codice
984 2186 1094 2228 nihil
1128 2186 1387 2242 discrepante
1415 2200 1438 2228 a
1463 2186 1604 2237 libris,
1640 2199 1742 2241 quos

167 2253 371 2295 habemus
406 2255 663 2309 superstites.

227 2393 460 2449 Reliquum
507 2397 568 2435 est
610 2397 658 2436 ut
696 2395 786 2450 ipsa
816 2397 953 2447 χρυσοῖ
981 2397 1088 2445 ’Έτη
1121 2396 1369 2454 diligentius
1399 2396 1670 2452 inspiciamus
1701 2397 1743 2439 et

169 2465 204 2505 si
238 2464 339 2519 quid
373 2465 428 2505 sit
459 2466 503 2506 in
534 2465 590 2505 iis
622 2468 769 2507 notatu
803 2466 982 2522 dignum
1013 2467 1158 2522 paucis
1195 2467 1591 2510 animadvertamus.

229 2603 401 2645 Offendo
444 2604 487 2644 in
527 2603 698 2645 limine:
745 2603 993 2652 Ἀθανατους
1036 2606 1110 2656 μὲν
1142 2609 1280 2657 πρῶτα
1314 2606 1421 2653 θεοὺς
1455 2630 1512 2637 -
1544 2607 1650 2657 τίμα
1685 2630 1737 2636 -—

169 2672 291 2716 ἔπειθ’
335 2674 461 2725 ἥρωας
496 2698 550 2704 -
584 2673 674 2719 τούς
717 2691 763 2715 τε
807 2675 1101 2728 καταχθονίους
1146 2676 1356 2727 δαίμονας.
1419 2677 1514 2719 Non
1546 2679 1609 2718 est
1640 2676 1742 2718 haee

169 2744 439 2800 Pythagorea
480 2743 657 2798 divisio,
699 2748 748 2786 ut
793 2746 1052 2788 ostendimus
1095 2760 1220 2802 supra
1262 2746 1313 2788 ad
1354 2748 1376 2801 {¹3
1409 2745 1475 2788 31.
1507 2760 1603 2803 pag.
1641 2745 1740 2788 318.

173 2815 374 2863 Δαίμονες
415 2816 580 2856 secundo
623 2814 713 2857 loco
745 2816 1029 2870 ponebantur,
1065 2816 1180 2868 ἥρωες
1215 2816 1344 2858 tertio.
1409 2815 1629 2859 Praeterea
1661 2829 1742 2858 non

173 2883 347 2926 debebat
387 2885 478 2934 τοὺς
523 2884 814 2938 καταχθονίους
857 2885 1054 2938 δαίμονας
1097 2889 1218 2944 poeta
1255 2899 1608 2936 commemorare,
1644 2887 1741 2941 quia
