1946 3298
917 134 1004 180 472

174 263 305 306 oratio
348 262 557 307 Graecum
599 262 780 305 colorem
822 261 1136 316 locutionesque
1177 259 1347 304 Graecis
1376 262 1568 304 -usitatae
1608 261 1741 317 pellu-

176 337 292 385 cent,
327 334 485 378 veluti:
521 335 565 375 ἐκ
597 333 751 381 ταύτης
784 332 825 374 δὲ
862 332 950 390 (τῆς
983 331 1138 388 ἡδονῆς)
1174 336 1246 380 τῆς
1280 332 1469 385 πατρίδος
1507 332 1740 385 προδοσίας,

177 404 245 446 mc}
279 409 354 446 τῶν
389 409 597 447 πολιτειῶν
632 403 865 455 ἀνατροπὰς
899 403 968 445 xx}
1004 402 1244 454 ἀπορρήτους
1278 403 1371 454 πρὸς
1404 403 1495 450 τοὺς
1526 402 1742 454 πολεμίους

175 475 423 526 κοινολογίας
455 475 690 526 γίγνεσθαι,
726 474 1006 529 similiterque
1039 474 1084 514 in
1115 474 1300 515 caeteris.

235 545 317 588 Sed
363 547 627 589 subnascitur
672 544 895 587 difficultas
937 543 1141 599 quaedam
1182 557 1265 585 non
1305 543 1412 586 levis
1456 557 1506 586 ex
1546 545 1600 585 iis
1639 558 1743 599 quae

175 613 319 658 Cicero
352 618 548 659 continuo
581 616 742 658 addidit
773 616 837 670 (de
870 617 1021 656 Seneca.
1060 613 1127 656 12.
1163 612 1254 670 41.)
1283 614 1394 656 Haec
1419 630 1502 657 eum
1532 614 1571 655 C.
1603 614 1744 656 Pontio

173 686 367 743 Samnite,
390 694 510 741 patre
543 691 624 729 eius
656 702 680 727 a
710 701 783 742 quo
821 685 994 726 Caudino
1016 684 1172 739 proelio
1204 684 1267 738 Sp.
1300 685 1544 735 Postumius,
1593 684 1635 726 Τ.
1674 684 1745 726 Ve-

172 757 303 799 turius
345 760 520 800 eonsules
550 757 726 812 superati
755 761 871 806 sunt,
916 757 1084 797 locutum
1116 756 1324 810 Archytam
1355 755 1561 797 Nearchus
1595 755 1743 796 Taren-

173 827 282 869 tinus
311 830 445 884 hospes
475 834 618 883 noster,
651 832 719 884 qui
750 828 793 868 in
823 827 1000 868 amicitia
1021 826 1166 881 populi
1192 826 1363 867 Romam·
1378 830 1675 880 permanserat,
1704 840 1745 867 sc

173 913 198 938 a
229 899 440 941 maioribus·
471 907 569 940 natu
601 899 790 952 accepisse
821 898 996 946 dicebat,
1031 912 1145 952 quum
1177 896 1329 951 quidem
1362 900 1397 937 ei
1427 897 1592 938 sermoni
1623 896 1745 937 inter-

160 968 317 1022 fuisset
362 974 481 1012 Plato
529 969 799 1023 Atheniensis,
848 983 956 1024 quem
1007 968 1214 1008 Tarentum
1262 967 1409 1008 venisse
1455 968 1499 1008 L.
1557 967 1738 1017 Camillo,

172 1041 299 1095 Appio
345 1042 515 1083 Claudio
558 1039 779 1081 consulibus
822 1039 984 1093 reperio.
1047 1037 1193 1079 Prima
1235 1038 1370 1093 specie
1412 1037 1515 1079 haec
1552 1037 1743 1079 funditus

172 1113 425 1156 sententiam
462 1114 648 1152 nostram
682 1112 865 1151 evertere
895 1109 1114 1162 videntur,
1157 1108 1227 1149 sed
1258 1121 1301 1150 re
1334 1107 1582 1165 diligentius
1615 1109 1744 1150 consi-

173 1183 315 1226 derata
347 1181 561 1237 apparebit
594 1178 834 1222 Ciceronem
866 1180 912 1220 in
943 1192 1078 1222 errore
1108 1180 1281 1221 versari.

232 1255 446 1297 Ponamus
485 1253 675 1307 primum
715 1254 957 1306 temporum
998 1252 1117 1291 notas
1159 1252 1290 1291 certas
1333 1252 1374 1291 et
1417 1252 1533 1292 extra
1576 1262 1745 1292 omnem

172 1324 497 1370 controversiam
528 1323 697 1378 positas.

231 1395 356 1437 Plato
387 1397 510 1436 natus
542 1407 648 1435 anno
681 1391 766 1434 429
800 1406 836 1434 a.
870 1389 967 1434 Chr.
1001 1393 1195 1433 mortuus
1227 1394 1290 1433 est
1323 1404 1428 1433 anno
1463 1389 1562 1433 347.

232 1465 359 1508 Venit
391 1464 443 1506 ad
471 1463 725 1519 Dionysium
759 1463 964 1505 maiorem
997 1461 1197 1504 annos‘4O
1225 1464 1349 1503 natus
1383 1475 1488 1504 anno
1524 1459 1623 1503 389.

231 1537 359 1580 Venit
390 1535 441 1578 ad
471 1535 727 1590 Dionysium
757 1534 964 1575 minorem
997 1545 1124 1575 annos
1155 1531 1210 1574 62
1243 1535 1366 1574 natus
1398 1546 1503 1574 anno
1538 1531 1639 1576 367.

231 1607 377 1650 Rediit
417 1605 648 1648 Tarentum
681 1607 722 1646 et
753 1606 797 1646 in
829 1603 1022 1646 Siciliam
1053 1602 1177 1656 γέρων
1204 1601 1251 1644 ὤν
1284 1616 1410 1645 annos
1441 1606 1566 1645 natus
1601 1602 1670 1645 68.
1704 1607 1746 1646 et

173 1679 224 1723 ab
265 1677 455 1734 Archyta
498 1679 540 1718 et
578 1675 860 1732 Pythagoreis
903 1673 1141 1717 Tarentinis
1183 1675 1373 1717 servatus
1415 1676 1478 1715 est
1514 1688 1564 1716 ex
1597 1674 1746 1730 capitis

171 1748 357 1805 periculo
391 1760 495 1790 anno
529 1745 627 1787 361.

231 1819 461 1875 Dionysius
494 1817 510 1859 ὅ
545 1817 726 1869 νεώτερος
758 1816 870 1872 patri
901 1815 1099 1858 successit
1131 1828 1236 1857 anno
1270 1813 1369 1858 367.

233 1890 398 1933 Floruit
438 1890 482 1930 in
524 1888 691 1944 magnis
724 1887 873 1943 opibus
904 1887 1173 1929 beatissimus
1205 1889 1482 1942 tyrannorum
1513 1900 1587 1942 per
1620 1900 1746 1931 annos

172 1960 238 2004 XI
273 1957 559 2017 (367-356).

233 2030 448 2086 Expulsus
480 2028 699 2085 Syracusis
729 2041 835 2071 anno
868 2026 968 2069 356.
1003 2030 1044 2069 et
1074 2025 1234 2069 multos
1265 2026 1368 2069 belli
1401 2041 1520 2069 casus
1553 2031 1748 2084 expertus

173 2102 346 2145 tandem
378 2099 634 2143 Timoleonti
666 2113 716 2151 se>
739 2099 901 2141 dedidit
935 2102 977 2140 et
1010 2096 1262 2140 Corinthum
1297 2097 1517 2155 ablegatus
1549 2102 1611 2141 est
1642 2112 1748 2142 anno

176 2172 274 2214 343.

235 2242 383 2286 Clades
426 2242 477 2284 ad
519 2241 673 2283 Furcas
716 2239 926 2282 Caudinas
959 2253 981 2281 a
1012 2239 1215 2282 Romanis
1248 2242 1415 2295 accepta
1448 2243 1510 2282 est
1547 2239 1616 2295 Sp.
1649 2239 1749 2282 Pos-

175 2315 336 2364 tumio,
385 2312 431 2354 T.
482 2311 655 2353 Veturio
705 2322 817 2353 coss.
866 2324 971 2352 anno
1021 2309 1130 2360 321,
1181 2324 1314 2365 quum
1359 2310 1535 2352 Pontius
1583 2309 1750 2353 Samnis

176 2387 321 2427 exacta
353 2386 487 2425 aet-ate
520 2396 645 2424 senex
675 2380 762 2423 filio
795 2382 946 2423 Victori
972 2382 1182 2436 praecepit
1210 2395 1289 2436 quo
1314 2384 1435 2436 pacto
1462 2379 1624 2423 bellum
1651 2394 1750 2423 cum

173 2455 378 2498 Romanis
409 2454 603 2507 componi
634 2455 841 2507 oporteret
873 2451 985 2506 apud
1016 2451 1190 2494 Livium
1222 2450 1294 2492 IX.
1335 2450 1374 2493 3.

233 2525 424 2578 Denique
466 2522 513 2564 L.
548 2521 756 2564 Camillus
798 2525 840 2564 et
879 2522 1043 2577 Appius
1087 2521 1290 2564 Claudius
1337 2519 1537 2564 Consules
1577 2521 1747 2564 fuerunt

176 2609 282 2639 anno
318 2592 418 2634 349.

232 2665 403 2710 Habent
433 2663 536 2705 haec
563 2664 704 2705 omnia
731 2662 991 2719 exploratam
1016 2662 1143 2706 fidem
1168 2659 1302 2719 neque
1329 2665 1374 2706 in
1402 2663 1580 2707 dubium
1605 2662 1746 2707 vocari

175 2740 361 2795 possunt.

231 2808 298 2851 Ex
337 2807 404 2848 his
444 2806 579 2862 igitur
622 2805 723 2847 satis
764 2809 934 2861 apparet
976 2804 1221 2849 Ciceronem
1264 2804 1461 2850 οἰσύςοιτοι
1506 2818 1672 2846 narrare
1706 2805 1749 2846 et

174 2878 331 2927 versari
361 2878 405 2920 in
438 2889 572 2920 errore
604 2875 839 2920 manifesto.
