1946 3298
857 166 911 217 69

105 299 236 345 otiosa
268 304 310 344 et
341 314 645 358 supervacanea
676 300 917 357 cumulans,
950 303 999 343 ut
1031 302 1166 345 solent
1195 303 1239 344 in
1271 303 1572 347 confabulando
1599 297 1672 359 qui

103 377 201 415 sunt
241 372 384 429 paullo
414 372 684 428 loquaciores.
747 372 952 428 Exemplo
985 376 1072 415 esto
1104 373 1221 416 locus
1250 388 1343 432 pag.
1381 375 1482 418 497.
1514 376 1588 417 ubi
1622 374 1672 415 de

102 443 266 486 Helena
306 445 471 486 scribit:
518 437 560 490 ἣν
604 443 854 493 ἐμνήςευσοὶν
898 443 960 499 (τε
994 444 1062 485 καὶ
1097 443 1299 486 ἔσπευσαν
1331 445 1496 501 λαβεῖν)
1531 444 1671 486 πολλοὶ

101 512 194 557 ἕδνα
237 515 324 566 (καὶ
371 514 488 571 δῶρα)
529 514 702 560 διδόντες
736 516 768 556 οἱ
802 515 949 564 πρῶτοί
984 516 1045 569 (τε
1080 515 1146 556 καὶ
1181 515 1306 570 ἄκροι)
1341 520 1417 557 τῶν
1452 515 1672 563 Ἑλλήνων.

100 586 144 626 in
186 585 343 628 talibus
385 585 505 627 πλέον
548 585 670 635 ἥμισυ
715 583 880 631 παντός.
945 583 1157 641 Compone
1203 587 1312 627 mihi
1353 586 1531 628 Dionem
1574 600 1672 628 cum

101 655 288 711 quolibet
327 658 527 711 scriptore
588 656 730 697 Attico
772 659 813 697 et
853 657 1006 697 senties
1048 657 1146 711 quid
1185 657 1330 698 distent·
1371 672 1466 698 aera
1505 656 1670 710 lupinis.

99 725 239 767 Pauca
291 725 443 767 similis
485 725 795 778 περιττολογίας
837 726 1030 781 exempla
1071 727 1305 768 subiiciam.
1351 726 1404 768 II.
1451 740 1548 783 pag.
1599 725 1670 768 60.

102 795 304 838 οέπολέσαι
349 796 416 838 τὸν
459 795 620 838 ἔπαινον
662 797 730 838 καὶ
773 797 843 845 τὴν
886 797 1116 850 εὐφημίαν,
1151 801 1193 839 et
1224 797 1343 839 Tom.
1378 797 1431 839 II.
1468 811 1564 854 pag.
1599 795 1671 839 89.

100 866 212 908 κατα
255 867 398 917 θεσμὸν
441 867 508 908 καὶ
556 867 692 918 νόμον,
740 870 782 909 et
824 866 942 909 Tom.
986 867 1041 910 H.
1085 882 1182 925 pag.
1227 867 1327 910 245.
1361 867 1532 914 κίνδυνος
1567 871 1673 910 ἀπο-

99 937 240 979 λε’σθαι
287 938 354 979 καὶ
401 938 623 991 φθαρῆναι,
668 941 709 980 et
741 937 858 980 Tom.
895 937 948 980 Π.
981 952 1077 995 pag.
1114 938 1213 980 383.
1252 940 1293 980 οὐ
1327 944 1505 989 τολμῶσι
1540 938 1674 991 προέγ-

99 1023 219 1058 ματα
265 1007 462 1060 παρέχειν
503 1007 589 1050 οὐδὲ
633 1008 827 1060 ἐνοχλεῖν.
890 1008 1006 1051 Haec
1048 1011 1189 1050 omnia
1230 1013 1327 1051 sunt
1368 1009 1595 1059 ἶσοδύναμα
1633 1013 1675 1051 et

99 1079 186 1119 sine
218 1077 306 1120 ulla
333 1093 457 1121 causa
483 1078 767 1121 cumulantur.
818 1079 929 1131 Quid
959 1080 1126 1122 tandem
1152 1081 1325 1122 interest
1351 1082 1460 1122 inter
1488 1080 1672 1132 ἐνοχλεῖν

99 1152 140 1190 et
171 1149 409 1201 πράγματα
443 1148 666 1201 παρέχεινῗ
722 1150 897 1192 Prorsus
928 1150 1051 1192 nihil.
1099 1150 1146 1192 In
1175 1150 1332 1193 talibus
1364 1150 1532 1194 Veteres
1564 1152 1672 1192 ioca-

97 1219 250 1262 bantur
278 1220 513 1271 interdum,
548 1224 597 1261 ut
627 1221 948 1276 Aristophanes:

338 1296 486 1342 χρῆσον
518 1290 566 1332 σὺ
600 1290 816 1344 μάκτραν,
852 1292 884 1334 εἰ
918 1292 958 1334 δὲ
989 1293 1130 1343 βούλει
1164 1291 1372 1345 κάρδοπον.

99 1364 141 1403 et
172 1360 415 1417 Epicharmi
445 1363 675 1418 parasitus:

217 1430 319 1474 τόκα
353 1432 427 1482 μὲν
460 1433 498 1473 ἐν
530 1432 658 1480 τήνοις
691 1432 792 1483 ἐγὼν
825 1430 891 1484 ἦν,
925 1432 1026 1474 τόκα
1058 1434 1098 1475 δὲ
1131 1433 1213 1486 παρ
1247 1434 1375 1483 τήνοις
1409 1434 1523 1484 ἐγών.

97 1502 168 1545 sed
207 1517 330 1546 nemo
361 1503 464 1545 haec
496 1504 600 1545 serio
631 1505 877 1558 praesertim
908 1505 952 1545 in
983 1504 1125 1546 sedata
1156 1506 1340 1546 oratione
1372 1505 1663 1562 coniungebat.

156 1663 262 1721 Pag.
311 1661 412 1707 49¹7.
457 1663 524 1705 καὶ
566 1663 610 1712 δὴ
652 1663 719 1705 καὶ
750 1663 939 1717 ἀδελφῶν
971 1663 1141 1715 ἐλέγετο
1175 1662 1273 1707 εἶναι
1308 1665 1502 1722 (Helena)
1538 1672 1669 1707 Πολυ-

95 1734 253 1780 δεύκους
286 1734 354 1776 καὶ
388 1732 579 1787 Κοίςορος.
640 1734 836 1777 Ridiculo
868 1748 1003 1777 errore
1034 1735 1224 1789 οὶδελφῶν
1256 1737 1462 1791 scriptum
1494 1738 1556 1777 est
1594 1748 1668 1790 pro

95 1805 274 1859 ἀδελφή.

153 1965 365 2010 Notabilis
394 1963 510 2007 locus
542 1969 604 2007 est
634 1979 731 2023 pag.
768 1966 866 2008 505.
897 1966 948 2008 de
973 1965 1299 2022 bibliopolarum
1327 1968 1564 2018 fraudibus,
1595 1968 1669 2023 qui

94 2038 151 2079 τοὶ
193 2036 449 2090 φαυλότατα
492 2040 568 2078 τῶν
612 2039 677 2078 νῦν
714 2036 902 2094 (βιβλία)
937 2036 1227 2085 ΚΑΤΑθέντες
1259 2039 1315 2085 εἷς
1348 2043 1456 2081 σῖτον
1489 2035 1593 2084 ὅπως
1621 2037 1668 2080 τό

95 2124 146 2159 γε
188 2112 340 2160 χρῶμα
382 2104 501 2157 ὅμοια
542 2106 714 2158 γένηται
762 2113 844 2154 τοῖς
893 2113 1084 2155 παλαιοῖς
1134 2109 1201 2149 καὶ
1250 2108 1667 2162 προσδιαφθείρΟντες

94 2178 351 2220 ἀποδίδονται
393 2179 443 2223 ὡς
485 2178 663 2219 παλαιοί.
729 2177 955 2221 Tralaticio
997 2192 1132 2221 errore
1175 2181 1418 2227 καταθέντες
1461 2181 1667 2234 scriptum

95 2253 158 2292 est
198 2261 271 2304 pro
314 2247 563 2295 ΚΑΘέντες;
602 2252 814 2304 praeterea
845 2263 909 2291 res
940 2251 1031 2305 ipsa
1062 2249 1217 2292 clamat
1249 2250 1665 2304 προσδιαφθείρΑντες

95 2319 308 2362 emendari
338 2322 536 2375 oportere.

153 2477 252 2521 Sine
295 2492 417 2521 sensu
459 2478 597 2521 editur
633 2492 732 2535 pag.
769 2477 868 2520 509.
903 2479 1104 2527 ἰδιωτικὰς
1138 2481 1400 2535 ἀμφιλογίας
1439 2488 1527 2541 περὶ
1561 2507 1665 2543 συμ-

94 2548 272 2600 βολαίων
298 2550 356 2590 ’Ἢ
387 2565 520 2590 τινων.
548 2548 720 2591 literula
745 2550 888 2592 addita
912 2549 995 2608 leg.
1024 2551 1111 2604 περὶ
1139 2553 1404 2603 συμβολαίων
1432 2564 1509 2600 ΔΗ
1537 2577 1665 2606 τινων,

152 2698 322 2742 Excidit
350 2697 521 2740 literula
551 2712 594 2753 p.
631 2697 732 2741 510.
766 2700 840 2741 ubi
867 2698 1097 2742 deliberant
1123 2700 1384 2759 philosophi:
1413 2707 1446 2748 εἷ
1472 2709 1662 2759 βασιλεῖ

93 2769 261 2823 χρηςέον
303 2770 324 2819 ἢ
368 2768 619 2823 δημοκρατία
657 2769 678 2818 ἢ
714 2768 824 2822 ἄλλῃ
855 2771 930 2812 τινὶ
964 2771 1196 2815 καταςοέσει
1231 2776 1455 2823 πολιτείας.
1517 2780 1667 2826 Nonne

94 2840 323 2891 βασιλείΑΙ
377 2839 548 2894 χρηςέον
594 2839 904 2895 reponendum?
981 2842 1155 2895 Reqibus
1199 2845 1261 2885 uti
1307 2843 1465 2890 Graece
1512 2850 1667 2896 dicitur

94 2910 336 2961 βασιλεῦσιν
369 2912 545 2964 ὁμιλεῖν,
579 2924 662 2954 11011
691 2911 882 2964 χρῆσθαι.

397 3024 416 3035 d
