1946 3298
859 133 940 177 121

175 261 399 306 Caeterum
438 260 672 304 notandum
714 262 776 303 est
814 260 1118 310 κακοδαιμονεῖν
1159 272 1234 316 pro
1276 260 1555 313 κακοδαίμονα
1585 259 1686 307 εἶναι

113 346 192 375 non
237 346 324 375 esse
364 332 540 375 verbum
582 331 728 388 populi
768 330 839 373 sed
881 329 1226 386 philosophorum
1266 331 1316 372 de
1349 335 1431 373 vita
1462 332 1576 374 beata
1605 332 1686 375 dis-

115 404 357 446 serentium.

174 541 377 584 Libanius
419 541 471 582 11.
514 555 612 598 pag.
655 540 726 583 44.
773 540 841 584 12.
884 542 1058 595 φήσουσι
1103 540 1231 584 τοίνυν
1273 557 1326 592 με
1371 541 1572 585 πλοέττειν
1619 543 1689 584 οὐκ

113 610 210 654 ὄντα
251 611 380 665 φόΒον
422 612 547 658 τινές·
589 616 664 653 τῶν
707 611 788 664 γοὶρ
833 613 1017 654 ἐναντίων
1061 610 1130 654 ἕνα
1174 609 1273 654 εἶναι
1310 613 1378 655 τὸν
1409 613 1684 656 οὶπεκτονότα.

114 681 329 725 Sententia
370 682 525 725 clamat
566 681 705 736 φόΝον
747 697 897 726 verum
929 697 1040 738 esse,
1075 683 1185 739 quod
1214 685 1260 725 in
1291 682 1443 727 Codice
1475 691 1690 740 repertum

113 755 271 796 temere
313 756 575 809 spreverunt.
639 753 702 796 De
743 754 889 797 eadem
930 768 975 796 re
1004 767 1102 811 pag.
1139 751 1207 796 47.
1247 755 1315 799 11.
1347 756 1389 798 τί
1420 754 1558 798 λοιπὸν
1594 753 1616 804 ἢ
1652 754 1691 796 ἐν

115 829 198 872 τοῖς
232 824 435 878 ἡμετέροις
469 821 568 867 εἶναι
600 823 668 866 τὸν
697 824 825 878 φονέα
836 838 847 877 ;

176 963 283 1022 Pag.
325 963 397 1007 48.
443 964 484 1008 4.
532 964 634 1007 ἀλλ’
679 966 786 1017 ὑμᾶς
824 981 875 1016 γε
909 971 1016 1008 ΧΡΗ
1050 965 1118 1007 καὶ
1151 962 1271 1013 οὕτως
1306 966 1562 1019 ἀνιχνεῦσαι.
1585 966 1691 1009 -εἶ

117 1037 256 1077 ταῦτα
287 1034 385 1088 παρ’
422 1036 530 1087 ὑμῶν
561 1036 749 1087 ἐγίγνετο
783 1037 958 1084 πολλοὺς
992 1035 1040 1079 ἂν
1069 1037 1216 1078 εἵΔετε
1242 1035 1333 1083 τοὺς
1367 1037 1570 1092 βοῶντας,
1599 1037 1691 1085 τοὺς

118 1106 344 1162 λέγοντας,
384 1107 475 1154 τοὺς
517 1107 781 1155 διδάσκοντας
823 1109 885 1155 τίς
928 1108 945 1150 ὁ
978 1107 1230 1161 ἀρχιτέκτων
1262 1111 1331 1149 τοῦ
1365 1108 1499 1162 φόνου.
1563 1109 1694 1152 Docet

118 1177 220 1233 quid
246 1177 349 1219 olim
375 1179 534 1220 factum
564 1180 828 1234 oportuisset.
874 1178 1021 1234 Itaque
1049 1180 1171 1221 scrib.
1200 1179 1299 1220 ἀλλ’
1329 1180 1438 1230 ὑμῶς
1465 1180 1510 1231 γ’
1545 1179 1693 1233 ἐχρῆν

118 1262 192 1304 pro
222 1249 318 1301 χρή.
382 1249 493 1291 Tum
525 1249 610 1307 leg.
643 1251 819 1298 πολλοὺς
854 1249 903 1292 ἂν
935 1249 1075 1303 εἴχετε
1108 1263 1181 1305 pro
1214 1249 1356 1292 εἴδετε.
1404 1250 1551 1306 Neque
1582 1252 1694 1293 enim

119 1319 214 1362 ἰδεῖν
244 1320 370 1362 habet
402 1322 447 1362 in
477 1320 556 1362 hac
586 1335 630 1362 re
660 1320 824 1372 locum,
858 1324 900 1363 et
932 1322 969 1363 si
999 1321 1171 1363 haberet
1203 1322 1291 1363 sine
1324 1321 1503 1363 articulo
1531 1322 1694 1364 dictum

121 1392 308 1446 oportuit
339 1391 468 1434 εἴδετε
501 1391 710 1442 βοῶντας,
744 1406 818 1448 pro
851 1393 943 1440 τοὺς
972 1392 1168 1443 βοῶντας,

179 1532 382 1576 Libanius
413 1533 463 1575 II.
501 1532 569 1575 56.
605 1532 644 1575 3.
679 1534 712 1576 εἶ
746 1533 828 1586 γὰρ
861 1535 993 1586 θρήνου
1026 1533 1099 1584 μὲν
1133 1532 1242 1584 ἄξιος
1267 1532 1424 1587 Ἕκτωρ
1450 1534 1505 1586 τῷ
1533 1534 1598 1576 Διὶ
1627 1533 1694 1577 δια

119 1605 164 1648 τὸ
204 1606 353 1654 πλῆθος
385 1609 462 1647 τῶν
495 1607 655 1661 θυσιῶν,
690 1606 935 1656 ἐγκαλεῖται
970 1606 1010 1648 δὲ
1044 1605 1061 1647 ὁ
1096 1605 1197 1652 Ζεὺς
1232 1605 1307 1647 ὑπὸ
1341 1612 1413 1654 τῆς
1447 1607 1621 1654 Ἀθηνᾶς
1655 1607 1695 1647 ἐν

118 1683 201 1724 τοῖς
245 1675 474 1725 Ὀδυσσέως
518 1677 687 1724 πλάνοις
728 1679 779 1724 ὡς
820 1677 985 1726 οέμελῶν
1027 1677 1229 1729 ανθρώπου
1246 1677 1298 1702 *²*
1330 1677 1565 1728 τεθυκότος,
1600 1677 1693 1719 τίνα

119 1749 220 1796 εἰκὸς
263 1748 436 1800 εἰρῆσθαι
475 1749 560 1800 περὶ
596 1748 737 1790 τούτου
771 1747 960 1803 (Iuliani)
993 1751 1063 1790 τοῦ
1098 1748 1175 1795 τας
1210 1747 1403 1790 ἁπάντων
1435 1752 1512 1789 τῶν
1545 1749 1695 1796 Ἐλλή-

119 1836 190 1861 νων
232 1820 270 1860 ἑν
312 1825 395 1866 τοῖς
439 1825 590 1861 ΔΕΚΑ
635 1818 740 1861 ἔτεσι
786 1819 1050 1871 παρελθόντος
1087 1820 1252 1869 θυσίας;
1286 1821 1505 1861 Amissum
1536 1827 1597 1861 est
1627 1832 1699 1862 vo-

119 1889 318 1933 cabulum
351 1894 581 1932 sententiae
613 1904 780 1946 prorsus
810 1892 1091 1933 necessarium
1124 1891 1324 1942 ανθρώπου
1358 1896 1561 1932 ΠΟΛΛΑ
1588 1891 1699 1931 τεθυ-

119 1961 247 2006 κότος.
295 1960 516 2004 Praeterea
548 1962 797 2003 mendosum
830 1968 892 2003 est
927 1968 1103 2010 ΔΕΚΑ,
1138 1963 1182 2002 in
1215 1976 1295 2017 quo
1326 1976 1368 2003 se
1400 1963 1506 2002 mire
1533 1964 1701 2016 torquet

119 2031 330 2074 Reiskius.
395 2031 552 2074 Verum
587 2036 648 2075 est
681 2034 719 2074 ἐν
752 2038 834 2079 τοῖς
871 2034 958 2074 AT’
993 2033 1126 2087 ἔτεσι,
1160 2047 1311 2088 nempe
1343 2029 1370 2074 ἃ
1401 2029 1522 2084 ἧρξεν.
1573 2031 1701 2074 Iulia-

119 2118 198 2145 nus
228 2105 340 2145 enim
368 2118 450 2146 non
477 2109 568 2145 ante
594 2103 686 2146 Diis
713 2118 827 2146 sacra
853 2104 987 2146 facere
1017 2109 1206 2159 coeperat
1235 2117 1361 2159 quam
1389 2108 1496 2145 esset
1522 2104 1700 2157 imperio

120 2177 292 2230 potitus.
355 2174 514 2217 Deinde
547 2190 623 2229 per
660 2175 856 2216 biennium
885 2175 1051 2216 nullum
1084 2176 1316 2216 intermisit
1347 2174 1461 2215 diem
1496 2175 1597 2229 quin
1627 2173 1702 2214 uni

123 2249 196 2288 aut
226 2245 419 2301 pluribus
450 2246 544 2288 Diis
577 2245 841 2289 sacrificaret.

183 2316 245 2359 De
286 2317 405 2359 brevi
444 2316 599 2359 Iuliani
640 2319 819 2373 imperio
863 2316 1067 2359 Libanius
1110 2330 1207 2358 cum
1243 2316 1342 2359 Iove
1374 2317 1432 2358 sic
1466 2314 1704 2371 expostulat

124 2386 246 2429 Tom.
292 2387 323 2429 I.
370 2387 470 2430 621.
513 2387 586 2430 22.
631 2388 747 2430 οέλλοὶ
790 2388 929 2430 Λυδῶν
973 2389 1046 2438 μὲν
1089 2388 1304 2439 βασιλεῖς,
1340 2385 1366 2429 ὦ
1401 2391 1502 2437 Ζεῦ,
1537 2387 1704 2439 σπέρμα

126 2458 260 2509 Γύγου
295 2459 428 2515 (ΤΟΥ
463 2459 575 2514 add.)
609 2461 680 2508 τὴν
713 2465 837 2511 χεῖρα
869 2461 926 2509 μὴ
958 2461 1133 2511 καθαροῦ
1167 2459 1183 2501 o‘
1216 2459 1290 2508 μὲν
1322 2459 1377 2505 εἷς
1412 2458 1481 2507 ἔτη
1514 2459 1706 2510 προῆλθεν

128 2530 239 2571 ἐννέα
280 2529 349 2571 καὶ
395 2531 612 2583 τριάκοντα
628 2544 642 2580 ,’
684 2531 701 2572 ὂ
746 2530 786 2572 δὲ
830 2531 885 2577 εἷς
919 2531 1027 2572 ἑπτα
1062 2530 1130 2572 καὶ
1165 2530 1445 2578 πεντήκοντα,
1481 2529 1548 2570 καὶ
1584 2530 1705 2577 αὐτὸς

124 2599 167 2641 δὲ
212 2600 355 2648 ἐκεῖνος
399 2601 416 2643 ὁ
460 2601 660 2652 δυσσεβὴς
705 2600 912 2654 δορυφόρος
957 2602 1012 2646 εἷς
1055 2601 1158 2643 δυοῖν
1202 2600 1340 2642 δέοντα
1374 2601 1702 2652 τετταράκοντα,

126 2669 253 2724 τούτῳ
297 2672 338 2713 δὲ
371 2671 567 2728 (Iuliano)
602 2678 814 2714 TPITOT
848 2671 1140 2726 προσάψασθαι
1175 2671 1290 2723 μόνον
1325 2671 1389 2713 ἐπὶ
1424 2675 1492 2713 τοῦ
1527 2671 1705 2724 μείζονος

128 2741 255 2795 θρόνου
289 2742 477 2792 δέδωκας.

188 2884 392 2930 Libanius
422 2884 477 2932 II.
513 2899 609 2947 pag.
645 2885 714 2930 65.
746 2886 815 2931 23.
847 2886 938 2939 ἡνία
965 2904 1025 2938 τις
1055 2887 1166 2942 αὐτῷ
1194 2887 1310 2944 παρὰ
1336 2892 1409 2938 τῆς
1439 2892 1512 2937 σῆς
1540 2887 1706 2941 γνώμης
