1946 3298
860 138 945 180 285

179 267 382 309 Libanius
422 264 492 307 IV.
536 278 630 321 pag.
671 261 772 304 223.
808 263 899 310 τοὺς
937 261 1166 315 ὠχριῶντάς
1201 280 1251 315 γε
1284 264 1376 311 τοὺς
1409 261 1691 312 άνυποδέτους.

122 336 212 378 dele
255 353 306 387 γε
349 350 443 378 cum
484 334 656 376 Reiskio
699 336 740 375 et
780 333 875 390 lege
916 334 1200 383 ἀνυποδήτους.
1262 335 1553 390 Aristophanis
1595 335 1696 377 haec

121 410 218 448 sunt
249 408 290 448 in
324 406 504 448 Nubibus
536 418 596 447 vs.
634 404 731 447 103.

393 477 483 523 τοὺς
519 478 771 529 ὠχριῶντας,
805 475 895 521 τοὺς
929 476 1198 523 ἀνυποδήτους
1228 475 1387 526 λέγεις,

391 544 440 589 ὧν
475 547 490 588 0‘
525 546 782 598 κακοδαίμων
816 546 1034 599 Σωκράτης
1069 547 1136 589 καὶ
1171 550 1393 600 Χαιρεφῶν.

183 690 291 746 Pag.
327 686 428 730 225.
463 688 479 729 ὂ
514 686 546 728 δ’
577 687 647 728 οὐκ
681 686 836 739 οἰμώζει
869 688 1007 739 φήσας
1041 687 1109 729 καὶ
1140 686 1182 730 τί
1208 691 1284 728 τῶν
1310 686 1458 729 ἐκείνου
1484 686 1602 737 μέλει
1630 688 1696 730 καὶ

126 759 242 811 μόνον
285 760 326 801 οὐ
371 758 539 809 πληγάς
582 757 757 804 ἐντείνας
803 758 997 806 άπῆλθεν.
1062 757 1169 800 Vera
1209 757 1335 800 lectio
1368 762 1449 800 est:
1484 759 1500 799 ὁ
1535 757 1568 799 δ’
1603 759 1701 809 »οὐκ

126 829 335 881 οἶμώΞει;”
378 829 516 881 φήσας
568 828 633 869 καὶ
681 829 752 882 ,st-1¹
800 835 889 870 COI
933 833 1008 871 τῶν
1056 829 1204 871 ἐκείνου
1253 829 1418 879 μέλει;”
1467 828 1702 872 Ostendunt

122 901 367 943 huiusmodi
408 902 574 942 vetusta
615 899 767 941 menda
812 899 1040 941 Libanium
1080 913 1264 955 quoque,
1300 903 1348 941 ut
1381 903 1561 942 caeteros
1592 901 1702 942 Atti-

123 973 271 1021 cistas,
300 972 343 1012 in
377 969 556 1012 secunda
585 983 759 1024 persona
790 971 1053 1025 passivorum
1088 984 1169 1013 non
1204 994 1229 1002 -
1249 987 1269 1023 ,⁷4
1302 970 1373 1013 sed
1407 995 1432 1001 -
1451 987 1482 1012 ει
1511 971 1699 1013 scribere.

124 1040 317 1084 Caeteras
348 1041 503 1083 formas
535 1040 690 1081 scribae
723 1040 866 1083 sedulo
892 1040 1139 1083 obliterant:
1169 1042 1212 1082 in
1239 1040 1339 1083 solis
1367 1041 1531 1083 mendis
1557 1041 1703 1083 huius-

122 1112 239 1154 modi
273 1136 297 1143 -
320 1118 369 1153 ΕΙ
403 1114 495 1152 tuto
527 1110 755 1161 delitescit,
790 1111 917 1154 donec
948 1126 1046 1154 vera
1078 1113 1284 1168 scriptura
1317 1111 1509 1154 eliciatur
1540 1111 1661 1154 foras.

182 1183 286 1225 Post
331 1195 463 1237 pauca
507 1181 662 1223 scribe:
712 1181 847 1233 ὀλίγον
895 1183 1037 1235 ῥαΐσας
1088 1181 1130 1231 ήν
1179 1185 1265 1225 ’ΘΝ
1312 1183 1475 1230 ἑαυτοῦ,
1519 1196 1594 1239 pro
1636 1182 1706 1235 ἐφ’

129 1269 285 1296 εαυτου.

187 1394 390 1437 Libanius
421 1394 492 1437 lV.
523 1409 620 1452 pag.
659 1393 759 1436 226.
796 1394 835 1437 ’7.
869 1396 887 1436 ὁ
919 1395 992 1445 μὲν
1030 1393 1231 1445 ἐγέλασεν
1259 1394 1366 1449 ἰδών,
1396 1395 1412 1436 ὁ
1442 1393 1483 1437 δὲ
1514 1393 1703 1444 ἐπΑνέβή

128 1464 346 1518 πράττοντι
392 1470 537 1512 κακῶς.
603 1465 770 1508 Dicitur
816 1465 894 1507 hoc
942 1464 1210 1516 ἐπεμβαίνειν
1259 1466 1465 1521 frequenti
1514 1465 1704 1507 omnium

128 1551 220 1579 usu.
284 1536 429 1592 Itaque
461 1536 648 1587 ἐπενέβη
679 1535 921 1593 legendum.

185 1677 289 1719 Ibid.
337 1675 489 1723 πάντες
531 1676 605 1726 μὲν
647 1675 810 1727 ςυγήροὶ
854 1674 1044 1727 θάνατοι,
1089 1675 1260 1720 οἵκτιςον
1293 1675 1409 1718 δὲτὸ
1443 1674 1702 1726 λιμώττοντα

128 1749 356 1790 ἀποθανεῖν.
419 1747 523 1804 Leg.
555 1747 716 1799 ςυγεροί
747 1761 796 1788 ex
828 1745 1038 1789 Homero:

371 1817 525 1866 πάντες
558 1818 632 1868 μὲν
665 1817 823 1870 ςυγεροὶ
857 1815 1021 1860 θάνατοι
1056 1817 1217 1860 δειλοῖσι
1251 1818 1455 1870 βροτοῖσι,

371 1890 476 1942 λιμῷ
508 1889 540 1930 δ’
574 1887 741 1933 οἵκτιςον
775 1887 939 1930 θανέειν.

189 2031 393 2074 Libanius
433 2030 504 2072 IV.
546 2044 643 2086 pag.
686 2028 787 2073 227.
832 2029 911 2080 ἐγὼ
956 2029 995 2071 δὲ
1043 2030 1111 2071 οὐκ
1157 2028 1491 2077 &viem-0222?
1523 2029 1712 2080 οὶνέμενον

133 2102 352 2150 καθήμενος
401 2100 455 2142 τοὶ
504 2099 688 2150 &dmum
737 2101 792 2152 τῷ
843 2100 964 2152 δήμῳ.
1031 2101 1125 2143 Imo
1165 2114 1264 2143 vero
1309 2100 1363 2141 τοὶ
1401 2099 1600 2150 δόξοντα.
1664 2100 1711 2142 In

128 2173 321 2215 omnibus
352 2171 472 2213 libris
499 2174 654 2212 temere
686 2172 796 2213 inter
828 2185 870 2213 se
901 2171 1212 2213 confunduntur
1246 2195 1270 2202 -
1290 2171 1419 2212 Ασθαι
1449 2175 1489 2213 et
1514 2197 1539 2203 -
1561 2173 1710 2226 Εσθαι,

130 2242 409 2298 similiterque
453 2248 650 2286 -σΑντες
693 2244 735 2283 et
780 2248 992 2288 -σΟντες,
1037 2245 1078 2284 et
1123 2245 1265 2284 tamen
1308 2246 1405 2284 sunt
1448 2245 1519 2298 qui
1562 2244 1714 2286 vitiosa

130 2312 365 2356 subtilitate
407 2312 625 2354 mendosas
663 2313 889 2368 scripturas
932 2312 1148 2355 defendere
1194 2326 1240 2355 ac
1282 2314 1392 2355 tueri
1434 2327 1558 2368 quam
1605 2319 1715 2358 certa

129 2383 418 2426 emendatione
452 2382 596 2425 tollere
628 2382 807 2425 malunt.

192 2524 396 2566 Libanius
427 2522 496 2565 IV.
531 2537 624 2579 pag.
660 2521 759 2565 230.
792 2521 859 2564 19.
889 2521 1209 2573 συνειλεγμένων
1238 2522 1319 2575 γαρ
1349 2523 1456 2573 ὑμῶν
1486 2523 1542 2571 εἷς
1573 2524 1715 2572 ἐκκλή-

133 2595 299 2636 σιάν--
321 2593 488 2648 φθάσας
525 2594 634 2635 οὐδέν
675 2609 734 2634 πω
768 2593 860 2639 τοὺς
891 2593 1057 2645 ῥήτορας
1090 2594 1201 2644 ἡμᾶς
1236 2593 1501 2646 προειμένους.
1552 2592 1714 2651 Corrig.

133 2664 240 2707 οὐδέν
274 2681 335 2706 πω
371 2666 461 2710 τοὺς
496 2665 659 2716 ῥήτορας
696 2666 865 2705 ‘PHMA
900 2663 1176 2715 προειμένους,
1209 2667 1257 2705 ut
1285 2678 1382 2721 pag.
1414 2662 1514 2705 236.
1543 2664 1715 2717 οὲφεῖναί

133 2751 170 2776 τι
202 2737 310 2788 ῥῆμα
344 2737 420 2776 τῶν
454 2735 577 2776 αὑτοῦ
612 2732 766 2786 τρόπων
799 2732 984 2784 ἀνάξιον,
1019 2737 1060 2776 et
1092 2735 1264 2789 passim.

194 2873 297 2931 Pag.
335 2872 434 2916 234.
486 2875 553 2918 13.
597 2875 666 2917 οὐκ
708 2873 757 2915 ἂν
803 2874 959 2923 άδήλως
1004 2873 1204 2923 τοιούτους
1249 2875 1480 2924 ποιήσαιντο
1519 2874 1713 2929 περὶτῶν
