1946 3298
858 151 942 195 193

177 277 402 333 Sophocles
432 279 585 336 fragm.
619 275 719 319 251.
753 290 850 334 pag.
885 275 986 318 205.

417 351 482 390 νῦν
515 348 547 389 δ’
582 347 689 390 οὐδέν
721 348 805 398 εἶμι
836 347 974 399 χωρίς.
1008 346 1125 388 ἀλλὰ
1157 346 1359 395 πολλάκις

417 417 583 469 ἔβλεψα
615 416 749 469 ταύτῃ
782 418 853 466 τὴν
886 417 1124 468 γυνοιικείοιν
1155 418 1279 471 φύσιν

414 489 463 535 ὡς
496 487 602 530 οὐδέν
634 488 770 538 ἐσμεν.

117 558 244 602 verba
274 572 397 601 sensu
427 572 573 602 vacua.
637 557 834 613 Suspicor
866 556 969 599 olim
1000 556 1147 599 fuisse:

417 632 480 670 νῦν
513 629 546 670 ’δ’
580 629 621 670 οὐ
656 634 839 670 ΔΙΕΙΜῙ
871 627 994 678 χωρὶς
1027 626 1142 668 οὶλλὸε
1173 626 1375 676 πολλάκις

419 697 768 751 ε’ΜΕΜψοέΜΗΝ
803 698 847 746 δὴ
879 699 950 747 τὴν
983 697 1220 748 γυνοιικείοιν
1252 699 1376 752 φύσιν

417 771 467 816 ὡς
499 768 607 810 οὐδέν
642 769 777 819 ἐσμεν,

118 843 331 895 praeterea
375 854 398 882 a
440 839 715 882 Valckenario
759 839 1074 895 accipiendum:
1119 835 1164 882 [κῖ
1197 840 1280 882 νέοιι
1313 840 1388 891 μὲν
1420 841 1509 883 ἘΝ
1541 839 1694 893 πατρός

116 910 280 954 ’Ἠδιςον
327 910 499 963 -ζῶμεν
543 910 656 961 βίον,
700 923 774 965 pro
817 905 861 951 αἳ
906 910 988 952 νέοιι
1033 911 1106 961 μὲν
1137 911 1220 963 γοὶρ
1254 910 1422 964 πατρός.
1456 912 1504 954 cf.
1540 912 1690 968 fragm.

118 979 333 1037 Euripidis
365 980 436 1024 84.

420 1051 678 1104 ἐμεμψάμην
711 1050 750 1093 δὲ
784 1051 852 1093 xx)
886 1052 953 1094 τὸν
982 1052 1185 1100 Ἑλλήνων
1219 1050 1335 1103 νόμον

419 1116 452 1164 οἳ
483 1122 595 1164 τῶνδ’
625 1120 742 1163 ἕκατι
775 1122 975 1172 σύλλογον
1009 1122 1231 1173 ποιούμενοι

416 1192 563 1244 'suffer'
598 1193 785 1246 ἀχρείους
819 1193 958 1243 ἡδονὰς
993 1193 1127 1240 Exn-53
1158 1192 1296 1247 χάριν.

181 1332 406 1389 Sophocles
437 1334 590 1390 fragm.
626 1333 726 1376 525.

424 1404 674 1458 φιλάργυρον
707 1406 782 1455 μὲν
815 1407 898 1446 πᾶν
930 1406 975 1447 τὸ
1007 1403 1219 1457 βάρβαρον
1253 1404 1380 1456 γένος.

182 1475 396 1517 Revocant
438 1475 547 1516 mihi
590 1476 691 1518 haec
732 1476 858 1519 verba
893 1477 938 1517 in
969 1478 1217 1518 memoriam
1252 1476 1524 1518 simillimum
1555 1477 1698 1520 locum

121 1559 171 1587 ex
201 1545 396 1598 Antiyone
430 1544 560 1587 1055.
593 1546 702 1588 unde
734 1549 856 1589 vetus
882 1546 1085 1588 mendum
1112 1546 1318 1601 expellere
1343 1548 1476 1589 iuvat.
1523 1547 1696 1590 Editur:

360 1622 439 1658 KP.
535 1617 579 1658 τὸ
613 1618 808 1667 μοιντικὸν
841 1617 921 1668 γὰρ
956 1619 1038 1658 ποῖν
1071 1615 1324 1669 φιλάργυρον
1357 1616 1485 1667 γένος.

359 1692 499 1729 ΤΕΙΡ.
535 1687 579 1729 τὸ
613 1687 647 1728 δ’
683 1688 726 1729 ἐκ
758 1687 952 1739 τυράννων
985 1687 1294 1739 αἰσχροκερδίαν
1326 1692 1459 1738 φιλεῖ.

118 1757 368 1800 mendosum
400 1762 462 1800 est
495 1759 578 1800 ’GK
612 1758 827 1809 τυράννων,
863 1762 903 1800 et
935 1762 1058 1814 poeta
1090 1758 1276 1800 dixerat:
1314 1758 1358 1799 τὸ
1395 1764 1469 1800 ΔΕ
1500 1765 1568 1800 ΓΕ
1605 1765 1700 1802 TT-

121 1833 378 1878 PANNON‚
422 1832 472 1870 ut
510 1832 745 1871 constanter
775 1829 1005 1884 loquuntur
1038 1828 1231 1882 Veteres,
1264 1829 1339 1870 ubi
1372 1830 1464 1883 quis
1495 1831 1698 1873 maledicto

120 1900 369 1940 maledictum
400 1899 576 1953 reponit:
608 1899 858 1950 φιλάργυρος
895 1897 942 1940 εἷ.
976 1907 1018 1940 Β.
1054 1898 1102 1940 σὺ
1132 1899 1171 1940 δέ
1200 1900 1244 1949 γ’
1271 1899 1571 1951 αἰσχροκερδής.
1618 1901 1702 1944 Sed

119 1970 291 2025 (dixerit
325 1970 495 2025 aliquis)
533 1973 671 2011 actum
709 1972 820 2026 agis,
856 1984 878 2011 o
910 1971 1037 2020 bone3
1071 1969 1116 2010 τὸ
1153 1969 1193 2011 δέ
1226 1985 1278 2019 γε
1305 1969 1408 2011 olim
1435 1972 1609 2013 coniecit
1635 1973 1702 2014 vir

119 2040 264 2082 doctus
308 2053 331 2081 a
362 2038 576 2081 Dindorfio
609 2039 806 2083 laudatus
841 2041 912 2090 „rb
947 2040 987 2081 δέ
1019 2056 1069 2089 γε
1104 2039 1423 2094 Bisselcoppz'us.''
1484 2039 1597 2083 Hinc
1627 2056 1698 2084 no-

118 2110 318 2152 vissimus
361 2109 578 2165 Sophoclis
621 2110 754 2152 editor
793 2110 1010 2152 TOURNIER
1047 2110 1184 2163 (Paris
1217 2108 1350 2165 1877)
1385 2112 1554 2151 sumsit:
1590 2112 1698 2166 „Bi-

119 2183 253 2235 sckop,
299 2179 379 2222 eite'
408 2196 487 2235 par
528 2181 735 2236 Dffdorf,
779 2197 802 2221 a
835 2180 1009 2235 propos&
1035 2181 1078 2222 τὸ
1112 2181 1153 2222 δέ
1186 2197 1238 2231 γε
1272 2180 1506 2231 τυράννων.”
1568 2181 1615 2223 Si
1648 2197 1698 2225 ex

119 2266 165 2293 eo
206 2265 378 2306 quaeras
419 2252 506 2307 quis
546 2252 617 2293 >Mle
658 2252 817 2292 criticus
858 2257 893 2293 et
935 2253 1037 2292 unde
1078 2251 1166 2293 est?
1192 2247 1406 2293 ⁴fateretur
1442 2264 1485 2292 se
1517 2254 1689 2296 nescire.

119 2322 237 2364 Idem
280 2335 330 2363 ex
371 2320 586 2364 Dindorfio
631 2323 909 2376 quaesiveris,
953 2321 1088 2363 nihilo
1135 2322 1274 2378 magis
1305 2321 1349 2362 id
1381 2321 1516 2363 dicere
1546 2327 1698 2377 posset.

119 2392 272 2434 Paucis
319 2406 409 2434 rem
457 2392 691 2447 expediam.
766 2391 1006 2433 Dindorfius
1053 2406 1185 2447 quum
1233 2395 1327 2434 ante
1375 2391 1533 2434 multos
1574 2408 1700 2439 annos

120 2462 297 2505 Leidam
330 2464 484 2505 viseret
513 2476 536 2504 a
569 2463 756 2504 studiosa
786 2463 1008 2504 iuventute
1040 2464 1200 2517 accepit
1231 2476 1438 2519 magnum
1473 2478 1699 2508 numerum

123 2533 299 2574 Thesium
345 2535 466 2588 (quas
496 2533 665 2587 vocant)
697 2546 766 2573 me
798 2532 986 2586 praeside
1019 2533 1069 2574 ab
1101 2534 1154 2574 iis
1187 2532 1463 2575 defensarum.
1528 2534 1698 2580 Inerant

123 2606 163 2645 et
205 2603 288 2645 alia
318 2602 456 2644 multa
488 2605 530 2644 et
559 2602 748 2644 locorum
779 2605 1071 2657 corruptorum
1104 2603 1413 2645 emendationes
1433 2635 1443 2652 ,
1475 2617 1576 2659 quas
1607 2621 1699 2662 pro-

121 2674 350 2728 pemodum
391 2686 534 2716 omnes
574 2674 662 2727 ipse
694 2686 915 2727 posueram
947 2676 987 2715 et
1018 2673 1198 2730 singulis
1230 2687 1303 2728 per
1333 2675 1446 2716 vices
1479 2674 1698 2720 defenden-

124 2742 196 2785 das
227 2743 436 2786 dederam.
484 2741 724 2785 Dindorfius
756 2744 792 2784 si
824 2743 926 2797 quid
958 2757 1008 2785 ex
1038 2746 1091 2786 iis
1123 2745 1336 2799 probasset
1368 2744 1420 2786 ad
1450 2744 1703 2801 Xenophon-

123 2816 211 2855 tem
244 2817 316 2855 aut
348 2814 399 2856 ad
431 2814 581 2856 Poetas
614 2812 806 2855 Scenicos
838 2827 1157 2870 nonnumquam
1185 2829 1251 2857 eas
1277 2815 1454 2871 protulit
1481 2819 1522 2857 et
1548 2830 1702 2863 nomen

126 2882 423 2926 adolescentuli
466 2885 538 2939 qui
582 2884 832 2926 defendisset
874 2884 1103 2941 adscripsit.
1181 2885 1377 2931 Suaviter
1422 2886 1618 2930 ridebunt
1662 2895 1702 2934 et

258 2968 310 3002 11.
1470 2956 1509 2987 13
