1946 3298
886 163 970 207 169

200 288 448 344 Harpocrat.
492 304 535 332 v.
576 290 945 334 Ἀειες-ώε-τὸ
989 290 1053 331 ἐπὶ
1098 293 1173 331 τῶν
1215 290 1349 331 αὐτῶν
1386 290 1449 332 οὶεὶ
1498 291 1711 343 gedum,

141 357 272 411 ὥσπερ
315 359 383 400 καὶ
426 360 587 404 εὐεςώ
633 362 654 408 ἦ
699 361 935 411 εὐδαιμονία
980 364 1187 401 καλεῖτοιι.
1250 359 1555 415 Harpocration
1583 377 1716 417 neque

142 429 286 471 doctus
328 433 391 471 est
432 430 661 472 admodum
703 445 836 485 neque
877 434 1037 473 acutus.
1076 424 1248 472 'Sicubi
1288 430 1429 472 locum
1472 436 1715 486 corruptum

141 500 360 542 emendare
404 504 577 543 conatur
614 501 791 543 ridicule
824 516 866 543 se
899 502 995 543 dare
1027 500 1132 542 solet
1164 503 1204 541 et
1235 514 1356 555 saepe
1386 502 1430 541 in
1464 499 1715 543 Graecitatis

139 572 299 613 ratione
328 571 583 613 enucleanda
611 574 791 613 caecutit
818 576 859 613 et
885 571 1181 613 hallucinatur.
1232 569 1358 612 Vides
1384 585 1482 612 eum
1509 573 1552 612 in
1573 571 1714 616 οὶειεςώ

139 640 189 682 de
222 640 362 684 ὲςοένοιι
396 642 593 697 cogitare.
657 642 834 684 Meliora
866 642 1013 683 docent
1044 640 1203 682 formae
1231 641 1328 690 ε’ςώ,
1358 641 1501 691 εὐεςώ,
1532 644 1713 696 κοικεςώ,

138 712 307 761 συνεςώ,
351 709 506 754 οὶπεςώ.
545 712 596 753 cf.
629 711 955 754 Valckenarium
988 712 1039 753 ad
1071 711 1226 753 Herod.
1265 711 1299 752 I.
1335 710 1406 753 85.
1471 713 1595 767 Apud
1625 712 1713 754 He-

135 780 330 822 rodotum
372 781 442 822 VI.
488 781 585 822 128.
629 796 727 824 vera
766 782 891 824 lectio
934 786 1017 824 est:
1062 783 1128 823 ux>
1173 782 1220 823 τό
1266 798 1316 831 γε
1365 781 1532 832 μέγιςον
1578 783 1617 823 ἐν
1663 789 1712 836 τῇ

137 856 351 894 συνεςοῖ
386 851 639 902 διεπειρᾶτο,
683 854 726 893 in
760 850 911 894 Codice
943 852 981 893 R
1012 856 1189 895 servata.
1255 851 1301 893 Si
1332 856 1443 894 recte
1474 852 1625 907 habet,
1664 853 1713 894 de

136 934 218 976 quo
259 935 382 963 nemo
425 922 614 971 dubitat,
658 922 730 963 IX.
776 921 846 964 85.
894 922 1262 974 ἐπαισχυνομένους
1305 929 1353 975 τῇ
1399 924 1601 966 οέπεςοῖ
1641 928 1714 971 τῆς

136 991 282 1043 μάχης
323 1006 396 1047 pro
438 999 487 1045 τῇ
531 993 733 1047 οὶπουσίοι,
776 993 877 1048 quid
917 993 1193 1048 reprehendas
1225 994 1263 1034 ἐν
1295 999 1345 1046 τῇ
1381 999 1540 1037 συνεςοῖ
1566 1008 1640 1049 pro
1674 995 1712 1035 ἐν

137 1068 186 1115 τῇ
218 1062 404 1116 συνουσίᾳ
437 1061 648 1117 positum?

195 1131 338 1174 Etiam
379 1135 553 1189 gravius
593 1134 636 1174 in
669 1133 746 1175 hoc
776 1147 928 1190 genere
960 1135 1114 1176 erravit
1145 1133 1451 1189 Harpocration
1483 1150 1524 1177 v.
1558 1134 1713 1184 Ληξι-

137 1202 366 1254 οορχικὸν
412 1205 1128 1254 γραμματεῖονε-νγεγονένοιι
1179 1204 1244 1245 διὰ
1292 1205 1336 1245 τὸ
1385 1209 1462 1246 τῶν
1508 1206 1712 1257 λήξεων

137 1270 342 1324 ἄρχειν.
404 1274 526 1315 Nihil
567 1277 628 1316 est
671 1275 784 1315 enim
824 1274 868 1314 τὸ
908 1279 983 1315 τῶν
1026 1273 1176 1324 λήξεων
1220 1273 1383 1327 ἄρχειν,
1431 1279 1470 1317 et
1514 1275 1583 1319 vel
1626 1277 1712 1319 sola

135 1343 329 1400 analogia
356 1344 560 1399 exemplis
586 1345 820 1385 innumeris
847 1345 966 1386 docet
994 1359 1081 1386 esse
1111 1344 1176 1385 διοὶ
1203 1345 1247 1386 τὸ
1276 1345 1352 1391 τὰς
1376 1346 1511 1397 οἷρχοὶς
1536 1347 1712 1399 λαγχά-

135 1430 231 1461 νειν,
277 1420 325 1456 ut
362 1416 406 1456 in
436 1417 677 1464 σωσίπολις,
712 1414 934 1461 δωσίδικος,
970 1415 1278 1466 προδωσέτοιιρος
1312 1417 1357 1457 in
1388 1417 1520 1458 nobili
1559 1418 1709 1460 scolio:

554 1485 649 1526 οοῖοιῖ
678 1486 893 1536 Λιψύδριον
927 1485 1247 1536 προδωσέτοειρον.

133 1559 175 1597 et
206 1557 405 1608 ῥίψασπις
439 1559 480 1597 et
511 1555 683 1610 reliquis
714 1558 801 1597 sine
833 1558 1075 1611 exceptione
1108 1557 1317 1598 omnibus.

192 1626 287 1668 Non
328 1626 516 1668 multum
558 1628 741 1682 cogitare
786 1626 1162 1681 Harpocrationem
1209 1626 1277 1669 vel
1323 1641 1430 1669 unus
1478 1628 1546 1670 hic
1593 1629 1710 1672 locus

133 1698 234 1738 satis
276 1698 439 1753 arguit,
483 1695 618 1745 λήξεις
661 1711 747 1738 esse
793 1701 934 1739 narrat
973 1697 1065 1742 τοὺς
1112 1698 1275 1747 κλήρους
1322 1699 1389 1739 καὶ
1434 1698 1511 1743 τοὶς
1553 1700 1707 1746 οὐσίοος.

131 1766 290 1815 ITAQUE
333 1766 503 1822 (inquit)
547 1768 603 1814 εἷς
646 1767 690 1808 τὸ
732 1766 996 1819 ληξιαρχικὸν
1039 1773 1328 1817 γραμματεῖον
1369 1768 1641 1821 {vemat-poure>
1675 1772 1706 1812 οἱ

130 1836 390 1883 τελεωθέντες
423 1841 498 1879 τῶν
531 1843 789 1886 ΠΑΙΔΩΝ,
824 1835 877 1883 οἷς
912 1837 1002 1888 ἐξῆν
1034 1838 1104 1886 ἤδη
1149 1839 1213 1879 τοὶ
1258 1841 1474 1891 πατρῷοι
1521 1841 1708 1882 οἰκονο-

130 1912 264 1958 μεῖν.
329 1908 424 1950 Non
456 1907 575 1949 credo
609 1921 701 1949 eam
734 1922 822 1950 rem
852 1922 996 1950 eorum
1022 1909 1211 1963 patribus
1239 1909 1427 1951 multum
1458 1910 1710 1962 placituram

128 1978 270 2019 fuisse.
334 1977 415 2019 Sed
451 1981 536 2019 tota
567 1992 632 2019 res
664 1992 714 2019 ex
746 1980 887 2034 inepta
920 1978 1181 2035 etymologia
1212 1983 1311 2021 nata
1344 1985 1420 2022 est.

188 2048 281 2090 Non
322 2050 464 2090 minus
506 2050 628 2105 gravi
660 2062 794 2090 errore
826 2049 972 2090 scribit
1004 2064 1041 2090 v.
1080 2050 1321 2101 Κοιθοὲρσιονε
1354 2076 1408 2081 -
1439 2053 1710 2103 περιςίοερ-

127 2133 236 2170 χοι,
271 2117 378 2170 οἵπερ
413 2119 699 2168 ὠνομάσθησαν
727 2117 849 2165 οὕτως
876 2120 959 2168 ἤτοι
987 2119 1069 2160 aff&
1098 2123 1166 2160 τοῦ
1201 2122 1543 2174 περιςείχειν
1577 2123 1597 2171 ἢ
1627 2123 1710 2165 aim>

129 2194 200 2238 τῆς
236 2189 402 2236 ἑςίοις.

189 2260 343 2302 Levius
375 2261 505 2302 etiam
537 2262 772 2314 suspicatur
802 2275 842 2302 v.
888 2260 1126 2309 Σείρινοιε
1156 2286 1211 2291 -
1240 2263 1432 2312 Σειρὴν
1477 2263 1586 2320 (lege
1620 2264 1712 2305 Σεί-

130 2346 225 2383 ρινον
247 2363 255 2379 ,
290 2329 456 2386 Σίρινον)
489 2331 505 2371 ὁ
539 2332 688 2376 λεπτὸς
723 2330 790 2371 ux)
826 2331 1029 2382 διαφανὴς
1061 2333 1188 2382 χιτὼν
1223 2333 1380 2379 εὔθετος
1416 2335 1509 2375 τότε
1535 2331 1602 2376 ὅτε
1631 2335 1711 2378 ἐςὶν

131 2401 147 2442 o‘
183 2400 353 2453 Σείριος,
388 2414 539 2442 nomen
567 2402 706 2442 tenuis
738 2405 779 2442 et
810 2400 1045 2456 pellucidae
1076 2404 1206 2444 vestis
1233 2417 1330 2444 cum
1360 2406 1529 2446 nomine
1559 2404 1710 2457 Σείριος

131 2471 361 2526 quidquam
394 2485 616 2512 commune
648 2471 814 2513 habere.

190 2608 390 2665 Harpocr.
425 2624 463 2652 v.
499 2610 779 2660 Ἀλογίοιντ
815 2610 859 2651 τὸ
893 2611 1048 2660 μηδένα
1082 2613 1193 2664 ἔχειν
1223 2614 1346 2664 λόγον
1381 2616 1480 2657 ἀλλ’
1514 2617 1710 2666 imme)

129 2679 338 2731 πράττειν.
386 2680 649 2722 Vocabulum
678 2681 844 2730 οέλογιςί
871 2682 1005 2723 obiter
1033 2684 1305 2726 eximendum
1327 2685 1507 2727 Lexicis.
1552 2685 1710 2728 Verum

130 2753 192 2791 est
225 2750 324 2791 ἀλλ’
359 2750 554 2800 ἀλόγΩΟ
588 2766 626 2790 τι
660 2767 873 2800 προιττειν.

188 2819 237 2861 In
264 2835 352 2876 sqq.
379 2835 531 2876 repone
560 2821 835 2873 ἐξειλΟχότες
864 2823 908 2863 τὸ
932 2823 1162 2873 ἐπιβάλλον
1179 2838 1253 2879 pro
1272 2825 1447 2868 barbara
1463 2826 1598 2869 forma
1615 2827 1713 2878 ἐξει-

131 2890 335 2943 λΕχότ-ες.
363 2890 434 2933 Sic
450 2893 607 2948 passim
624 2894 668 2933 in
685 2891 806 2934 libris
822 2893 954 2934 fertur
971 2894 1277 2948 οὶνκτετρΑφώς
1296 2909 1370 2950 pro
1389 2897 1710 2952 ἀνατετροφὼς.
