1946 3298
976 125 1061 169 193

291 258 516 316 Sophocles
557 257 708 313 fragm.
754 253 854 297 592.
895 268 945 296 ex
987 252 1212 295 Aristotele
1256 252 1418 293 Rhetor.
1462 250 1515 294 ΙΙ.
1559 249 1630 292 23.
1679 248 1806 296 ἄλλος

239 328 392 387 (τόπος)
426 329 509 371 ἀπὸ
542 331 611 370 τοῦ
645 325 838 376 ὀνόματος
871 321 946 366 οἷον
976 325 1025 370 ὡς
1058 323 1075 363 ὅ
1109 325 1346 375 Σοφοκλῆς·

567 401 709 449 σαφῶς
743 396 881 447 σιδήρῳ
915 394 982 436 καὶ
1017 396 1195 445 φοροῦσα
1227 391 1418 442 τοῦνομα.

300 469 535 513 Scholiasta
567 468 619 510 ad
649 468 690 509 h.
710 466 740 508 1.
772 465 890 508 addit
920 463 1236 520 praecedentem
1268 464 1502 505 senarium:

569 536 672 586 αὕτη
703 537 744 579 δὲ
774 535 965 588 μαχιμός
998 536 1078 579 ἐςιν
1110 535 1160 581 ὡς
1194 533 1423 586 κεχρημένη

571 611 714 661 σαφῶς
747 607 885 658 σιδήρῳ
918 605 986 648 καὶ
1019 607 1199 657 φοροῦσα
1231 605 1422 654 τοῦνομα.

238 697 321 726 11011
361 682 597 737 congruunt
636 678 739 720 haee
779 691 876 719 cum
922 675 1162 718 Aristotelis
1207 676 1424 717 sententia.
1488 673 1813 716 Emendandum

239 753 440 795 arbitror:
474 752 523 796 ὡς
555 747 806 798 κεΚΛημὲνη
834 751 978 799 σαφῶς
1013 746 1208 795 Σιδηρὼ
1239 746 1309 787 καὶ
1339 748 1592 787 ΦΡΟΝοῦσα
1619 743 1811 793 τοῦνομα.

241 822 354 865 Seite
395 822 551 864 dieitur
593 821 794 872 φρονοῦσα
836 817 1014 868 τοῦνομα
1057 818 1078 865 ἦ
1127 816 1277 869 Σιδηρώ
1318 830 1364 858 eo
1397 830 1519 858 sensu
1547 829 1627 871 quo
1656 814 1814 856 Home-

237 895 396 936 ticum:

781 957 970 1012 σιδήρειόν
1002 957 1045 1000 νύ
1077 973 1135 999 τοι
1169 953 1270 1008 ἦτορ.

241 1033 367 1086 ὄνομα
408 1033 514 1086 αὐτῇ
558 1030 728 1088 (inquit)
763 1031 911 1083 Σιδηρὼ
945 1029 1013 1071 καὶ
1045 1033 1185 1081 φρονεῖ
1215 1024 1333 1078 ὅμοια
1366 1028 1420 1080 τῷ
1452 1025 1642 1078 ὀνόματι,
1675 1026 1720 1068 1(1
1751 1030 1815 1069 est

240 1104 397 1157 σκληροὶ
430 1103 497 1145 καὶ
532 1101 638 1152 ὠμοὶ.

300 1176 510 1231 Perpetuo
542 1173 700 1216 scribae
731 1172 1012 1229 ineogitanter
1043 1170 1301 1213 confundunt
1333 1173 1469 1222 φορεῖν
1504 1167 1691 1225 (φέρειν),
1720 1170 1815 1220 φρο-

244 1252 345 1297 νεῖν,
389 1246 571 1299 φθονεῖν,
615 1247 817 1296 φρουρεῖν,
863 1245 905 1284 et
944 1241 1136 1294 φόρημα,
1169 1239 1382 1293 φρόνημα,
1418 1243 1460 1282 et
1491 1238 1621 1292 φορά,
1654 1237 1812 1289 φθοραὶ,

243 1315 398 1371 φρουροὶ
438 1319 479 1358 et
528 1314 594 1370 (ut
633 1313 759 1356 modo
790 1313 996 1365 vidimus)
1031 1312 1262 1363 ἀείφρουρος
1295 1314 1336 1352 et
1366 1310 1578 1362 ἀειφόρος,
1613 1309 1685 1351 sed
1716 1307 1816 1364 quid

243 1389 299 1431 sit
330 1388 486 1442 ubique
516 1400 667 1429 verum
701 1385 907 1427 sententia
937 1384 1139 1437 cuiusque
1170 1381 1253 1424 loci
1281 1380 1443 1436 liquido
1475 1380 1744 1423 demonstrat.

303 1525 526 1582 Sophocles
556 1525 707 1580 fragm.
738 1521 840 1564 614.

542 1595 756 1645 σύγγνωτε
789 1591 1049 1643 κανασχεσθε
1080 1594 1273 1641 σιγῶσαι·
1308 1590 1352 1631 τὸ
1384 1589 1466 1642 γὰρ

542 1663 727 1717 γυναιξὶν
757 1663 926 1714 αἰσχρὸν
960 1660 1002 1704 εὖ
1034 1666 1213 1713 γυναῖκα
1245 1661 1307 1702 δεῖ
1336 1663 1484 1711 ςὲγειν.

242 1740 288 1782 in
319 1738 488 1781 Stobaei
519 1736 640 1779 libris
671 1741 734 1777 est
762 1735 834 1776 σὺν
864 1733 1052 1785 γυναικί,
1085 1732 1248 1774 Nauck.
1283 1729 1325 1773 εὖ
1357 1736 1536 1781 γυναῖκα
1572 1730 1816 1780 substituit,

246 1810 355 1866 quod
389 1808 556 1865 probari
598 1820 680 1848 non
720 1808 880 1861 potest,
927 1805 1025 1859 quia
1068 1807 1110 1845 et
1141 1799 1184 1843 εὖ
1215 1801 1338 1857 plane
1370 1814 1726 1856 supervacaneum
1757 1804 1820 1843 est

245 1881 406 1936 (omnia
447 1882 545 1921 sunt
586 1879 631 1918 in
663 1875 800 1926 ςέγειν
831 1875 1047 1921 occultare,
1082 1874 1238 1915 silentio
1260 1874 1453 1927 premere)
1489 1876 1530 1914 et
1563 1868 1606 1913 εὖ
1639 1877 1819 1923 γυναῖκα

245 1951 307 1993 δεῖ
344 1949 480 2000 ςέγειν
520 1961 603 1990 11011
645 1950 707 1989 est
746 1944 904 1988 Graeca
948 1945 1173 1987 verborum
1217 1943 1478 1998 compositio.
1544 1941 1818 1998 Simplicissi-

242 2035 365 2064 mum
396 2023 479 2062 est:
513 2019 559 2060 τὸ
592 2018 674 2070 γὰρ
705 2014 890 2068 γυναιξὶν
925 2015 1094 2068 αἰσχρὸν
1126 2020 1245 2056 ΤΗΝ
1277 2019 1468 2064 γυναῖκΑ
1501 2015 1563 2056 δεῖ
1590 2013 1738 2064 ςέγειν.

303 2159 528 2217 Sophocles
556 2159 708 2215 fragm.
742 2156 842 2199 616.

553 2229 598 2271 τὸ
631 2229 664 2270 δ’
698 2228 896 2280 εὐτυχοῦν
932 2224 1046 2269 ἅπαν
1078 2225 1305 2277 ἀριθμήσας
1337 2224 1488 2277 βροτῶν

549 2301 619 2341 οὐκ
650 2297 731 2343 ἔςιν
763 2296 880 2344 ὅντως
914 2293 1030 2338 ὅντιν’
1062 2296 1236 2349 εὑρήσεις
1269 2294 1352 2337 ἕνα.

248 2372 473 2417 manifesto
510 2369 710 2412 mendosa
753 2372 794 2410 et
836 2367 948 2410 male
990 2381 1090 2409 sana
1129 2366 1231 2408 haee
1273 2366 1478 2407 sententia
1520 2367 1603 2407 est:
1635 2366 1823 2408 neminem

250 2458 369 2485 mmm
411 2456 489 2483 esse
528 2439 750 2481 mortalium
782 2442 850 2493 qui
871 2453 1063 2493 prospera
1083 2438 1260 2493 fortuna
1291 2441 1438 2477 utatur.
1502 2436 1598 2479 Non
1627 2436 1730 2479 haee
1761 2439 1823 2478 est

249 2514 473 2556 hominum
516 2509 706 2565 querela,
748 2508 819 2550 sed
850 2509 1007 2562 fluoeam
1039 2512 1075 2549 et
1104 2507 1326 2548 instabilem
1358 2521 1437 2548 esse
1467 2507 1662 2548 hominum
1681 2507 1823 2561 fortu-

251 2600 354 2626 nam.
415 2580 563 2635 Itaque
604 2582 772 2634 poetam
815 2578 970 2620 dixisse
1003 2578 1210 2633 suspicor:
1247 2580 1563 2629 ΔΙευτυχοῦντα
1597 2578 1708 2618 -οὐκ
1741 2577 1821 2621 ἔςιν

252 2652 367 2696 ὅντιν’
408 2651 581 2702 εὑρήσεις
625 2647 711 2690 ἕνα.
776 2655 1020 2699 Διευτυχεῖν
1052 2652 1115 2690 est
1145 2647 1211 2689 δια
1245 2647 1386 2693 τέλους
1419 2648 1609 2698 εὐτυχεῖν
1630 2652 1824 2702 perpetua

238 2725 446 2780 felicitate
477 2724 559 2775 uti,
592 2719 700 2775 quod
731 2720 775 2760 in
806 2720 1043 2761 humanum
1075 2732 1207 2775 genus
1237 2731 1318 2760 non
1350 2718 1475 2759 cadit.

311 2793 524 2848 Frequens
577 2794 640 2833 est
690 2789 801 2844 apud
847 2789 1047 2847 Tragicos
1091 2789 1297 2832 sententia
1341 2802 1469 2843 quam
1515 2789 1822 2832 revocavimus

249 2863 471 2920 Euripides
502 2861 654 2917 fragm.
688 2858 758 2900 46.
