1946 3298
904 186 987 229 445

154 313 352 366 yenitam,
387 315 461 370 qui
493 313 643 356 tertius
672 327 695 354 a
721 312 966 370 Pythagora
989 311 1153 355 scholae
1180 313 1373 368 praefuit.
1407 314 1557 358 Iambl.
1588 313 1728 371 §265

159 386 246 434 μεθ’
281 383 320 426 ἓν
356 386 594 441 (Ἀριςαῑον)
632 385 865 434 ἡγήσασθαι
897 384 1147 434 Μνήσαρχον
1182 385 1248 425 τὸν
1283 386 1530 437 Πυθαγόρου,
1566 392 1607 430 et
1639 389 1731 429 Ari-

158 459 396 506 mnestum,
436 459 477 496 et
508 453 615 496 filias
648 460 809 502 Μυῖαν,
845 456 1112 506 Ἀριγνώτην,
1148 456 1349 513 Αἵσαραν)
1385 462 1458 498 aut
1489 459 1730 499 Aristaeum

159 539 284 565 cenem
325 526 560 579 decrepitum
605 525 681 566 sub
727 526 887 566 exitum
930 526 1044 567 vitae
1076 539 1250 566 uxorem
1285 527 1450 569 duxisse
1484 531 1525 569 et
1556 530 1627 575 την
1660 531 1729 569 τοῦ

160 595 408 645 Τηλαύγους
450 595 744 648 παιδοτροφίαν
788 596 833 636 111
874 609 961 637 sese
992 594 1223 650 recepisse?
1262 597 1383 638 Nihil
1416 601 1477 639 est
1508 599 1647 654 magis
1681 599 1730 640 ab

159 665 312 707 horum
356 666 579 707 hominum
625 667 795 722 ingenio
840 668 881 706 et
922 666 1111 707 moribus
1152 665 1350 708 alienum.
1414 666 1497 709 Sed
1539 670 1575 709 si
1617 669 1730 710 Aris-

160 738 301 778 toxeni
335 738 630 777 auctoritatem
659 740 825 777 secutus
851 735 1143 791 Pythagoram
1169 740 1290 790 putes
1316 738 1609 789 seoeafferzariuon
1636 752 1732 792 prae

160 818 347 847 moerore
387 807 608 847 excessisse
639 820 660 847 e
692 807 803 855 vita,
848 807 1007 846 mirum
1048 819 1131 847 non
1175 810 1237 847 est
1280 820 1376 848 eum
1411 821 1537 849 annos
1570 810 1733 850 circiter

161 877 465 932 quinquaginta
485 879 634 917 natum
651 875 851 918 lectissim
860 889 927 918 am
945 879 1182 918 matronam
1199 878 1346 933 magni
1363 878 1546 919 nominis
1563 877 1731 920 Theano

159 946 355 988 habuisse
395 959 592 995 uxorem,
639 960 764 1000 quam
799 947 939 987 exiens
972 960 992 987 e
1025 947 1116 988 vita
1149 960 1246 988 cum
1278 946 1364 989 filio
1397 948 1528 989 terme
1563 948 1733 990 decenni

160 1017 384 1058 successori
416 1029 490 1058 suo
523 1018 567 1057 in
601 1017 923 1057 matrimonium
952 1016 1126 1058 dederit.
1170 1016 1315 1072 Itaque
1340 1019 1384 1058 111
1412 1019 1561 1059 aetatis
1588 1019 1733 1060 robore

160 1084 381 1128 Crotonem
423 1088 563 1136 venit,
607 1085 794 1127 scholam
830 1086 1039 1141 condidit,
1083 1086 1245 1128 bellum
1279 1101 1376 1129 cum
1410 1087 1620 1144 Sybaritis
1652 1089 1732 1131 for-

158 1158 257 1198 titer
298 1158 454 1206 suasit,
495 1170 645 1213 agrum
679 1156 729 1197 de
760 1156 879 1198 hoste
912 1160 1081 1211 captum
1114 1157 1248 1199 dividi
1279 1159 1418 1200 vetuit
1451 1163 1492 1200 et
1523 1161 1567 1200 in
1598 1160 1732 1201 turbis

158 1227 255 1268 inde
283 1228 393 1268 natis
419 1228 531 1269 victa
557 1226 778 1268 nobilitate
807 1229 848 1268 et
874 1226 994 1281 plebe
1021 1228 1275 1282 impotenter
1298 1228 1538 1271 dominante
1566 1231 1733 1285 suisque

160 1297 440 1339 familiaribus
472 1298 645 1351 impune
678 1297 917 1338 interemtis
949 1298 1061 1339 vitae
1093 1301 1306 1353 pertaesus
1337 1299 1429 1341 cibo
1462 1300 1678 1342 abstinuit.

221 1367 269 1408 In
312 1368 551 1409 Aristoxeni
594 1366 835 1409 testimonio
869 1368 891 1422 ξ
925 1366 994 1409 35.
1030 1369 1277 1419 παρεγένετο
1311 1370 1365 1416 εἰς
1401 1369 1588 1412 Ἰταλίαν
1622 1372 1733 1414 κατὰ.

158 1437 229 1485 τὴν
263 1437 534 1487 Ὀλυμπιάδα
566 1439 637 1485 τὴν
672 1436 859 1488 δευτέραν
892 1438 956 1479 ἐπ’)
988 1443 1081 1485 ταῖς
1111 1437 1325 1488 ἑξήκοντα.
1358 1441 1446 1481 καθ’
1476 1437 1519 1484 ἣν
1547 1441 1733 1492 Ἐρυξίας

158 1507 175 1549 ὁ
210 1507 436 1554 Χαλκιδεὺς
469 1506 605 1551 ςαδιον
640 1506 841 1555 ἐνίκησεν,
876 1508 920 1549 id
952 1522 1116 1564 quoque
1149 1510 1422 1552 memorabile
1456 1514 1518 1552 est
1545 1511 1734 1554 doctissi-

156 1592 277 1619 mum
310 1577 639 1633 Peripateticum
671 1578 716 1618 in
749 1577 980 1620 definiendo
1013 1593 1118 1621 anno
1151 1594 1278 1621 usum
1311 1594 1397 1622 esse
1431 1582 1540 1623 inter
1576 1583 1735 1637 primos

155 1649 208 1689 iis
250 1661 353 1703 quae
392 1648 443 1689 ad
476 1646 802 1690 confirmandam
836 1648 1162 1706 Chronologiam
1196 1650 1443 1693 Aristoteles
1477 1652 1521 1692 ἐκ
1552 1657 1623 1700 τῆς
1657 1657 1734 1694 τῶν

157 1719 480 1768 Ὀλυμπιονικῶν
507 1720 757 1771 ἀναγραφῆς
784 1718 903 1760 docte
929 1724 970 1761 et
995 1719 1222 1776 diligenter
1237 1722 1580 1777 investigaverat.
1616 1722 1734 1774 Quod

156 1790 291 1846 igitur
333 1789 526 1831 videmus
572 1789 827 1845 Dionysium
875 1789 1289 1833 Halicarnassensem
1335 1795 1376 1833 et
1417 1791 1651 1834 Diodorum
1695 1796 1736 1835 et

158 1859 262 1901 alios
292 1858 425 1901 facere
457 1864 506 1901 ut
538 1859 842 1915 Olympiadum
874 1862 1062 1902 numeris
1092 1861 1246 1903 addant
1276 1861 1368 1908 τοὺς
1397 1863 1736 1918 Ὀλυμπιονίκας,

158 1929 270 1971 idem
302 1931 388 1971 iam
422 1932 737 1986 antiquissimos
770 1930 1073 1986 Peripateticos
1105 1931 1251 1973 fecisse
1279 1936 1461 1987 apparet.

219 1999 583 2051 Quemadmodum
610 2005 753 2042 autem
781 2014 831 2042 ex
858 2002 1099 2042 Aristoxeni
1129 1999 1411 2059 Chronologia
1435 2004 1576 2045 omnia
1594 2004 1736 2047 ordine

158 2071 267 2111 inter
308 2084 350 2112 se
394 2075 491 2126 apta
536 2075 577 2112 et
617 2084 723 2112 nexa
767 2074 864 2112 sunt
907 2074 948 2112 et
980 2071 1250 2127 Pythagorae
1283 2073 1373 2114 vita
1408 2087 1505 2114 cum
1538 2074 1661 2116 rebus
1691 2077 1735 2116 in

157 2140 281 2182 Italia
323 2142 454 2197 gestis
495 2140 677 2182 fideliter
707 2142 939 2196 conspirat,
985 2142 1044 2182 sic
1078 2145 1221 2183 contra
1252 2156 1302 2183 ex
1333 2134 1555 2185 Iamblichi
1589 2147 1736 2187 consti-

158 2213 319 2253 tutione
352 2214 594 2266 temporum
628 2210 808 2252 mirifica
840 2212 1026 2252 nascitur
1058 2211 1256 2254 historiae
1289 2216 1330 2254 et
1355 2227 1495 2254 rerum
1520 2218 1736 2270 gestarum

156 2282 342 2323 confusio
375 2285 415 2323 et
447 2281 722 2335 perturbatio.
773 2279 819 2321 Si
847 2283 960 2322 enim
993 2281 1260 2338 Pythagoras
1293 2283 1449 2323 biennio
1482 2284 1614 2327 ferme
1642 2290 1737 2330 ante

154 2350 337 2408 Sybarin
371 2351 552 2393 deletam
588 2349 813 2393 Crotonem
845 2354 964 2393 venit
996 2356 1037 2393 et
1070 2354 1188 2394 annis
1222 2354 1388 2394 circiter
1419 2353 1608 2396 XXXIX
1643 2360 1736 2411 post

154 2421 318 2463 scholae
360 2423 527 2476 quietus
569 2422 752 2476 praefuit
795 2425 836 2462 et
878 2435 1005 2463 annos
1048 2423 1351 2478 propemodum
1396 2427 1564 2466 centum
1612 2430 1736 2469 natus

154 2494 289 2533 vitam
315 2492 455 2534 inedia
482 2491 641 2546 finivit,
669 2494 713 2532 111
740 2492 916 2534 historia
944 2491 1144 2536 Graeciae
1167 2495 1362 2548 maioris,
1389 2498 1438 2536 ut
1456 2496 1500 2536 in
1516 2497 1735 2550 proverbio

157 2565 242 2612 est,
276 2576 350 2604 nec
382 2565 508 2616 caput
540 2563 746 2604 constabit
779 2575 854 2604 nec
886 2563 1025 2617 pedes.

215 2704 351 2746 Locus
391 2705 439 2744 de
474 2704 802 2758 Pytbayoreorum
834 2704 1071 2745 successione
1102 2706 1147 2746 in
1180 2706 1203 2760 ξ
1235 2704 1336 2747 265.
1371 2706 1523 2749 multis
1554 2710 1734 2752 nomini—

154 2774 233 2815 bus
272 2774 503 2828 impeditus
546 2776 587 2815 et
629 2774 829 2814 obscurus
861 2780 924 2815 est
958 2775 1046 2816 sive
1078 2777 1255 2817 testium
1285 2777 1393 2819 vitio
1425 2779 1514 2820 sive
1545 2781 1734 2822 testimo-

154 2845 321 2885 niorum
355 2843 604 2899 corruptela.
658 2842 863 2895 Διοέδοχος
899 2843 939 2885 δὲ
973 2844 1068 2896 πρὸς
1103 2845 1264 2888 πάντων
1299 2847 1562 2898 ὁμολογεῖται
1601 2851 1735 2892 Πυθα-

156 2913 271 2965 γόρου
314 2914 527 2965 γεγονέναι
570 2914 773 2965 Ἀριςαῖος
820 2919 1102 2967 Δαμοφῶντος
1146 2916 1422 2969 Κροτωνιάτης
1468 2919 1565 2960 κατ’
1611 2921 1734 2963 αὑτὸν
