1946 3298
844 199 927 241 133

111 324 250 375 μοέκων
295 323 461 375 οὶνοιβοὶς
541 324 750 367 Graecum
793 329 855 368 est
892 324 1021 376 ὥσπερ
1054 323 1146 377 εἶχε
1178 324 1361 377 τοίχους,
1395 330 1444 368 ut
1475 330 1525 374 ὡς
1558 330 1683 372 ποδῶν

111 393 224 447 εἶχεν
266 399 306 438 et
339 398 431 437 sim.
466 396 517 438 cf.
550 395 619 437 IV.
654 395 753 437 458.
788 396 857 436 24.
891 395 1098 446 Φεύέομοιι
1133 398 1183 441 ὡς
1215 394 1298 449 ἔχω
1331 397 1501 448 τοὲχους.
1536 403 1576 440 et
1607 400 1678 441 IV.

113 464 213 508 517.
247 466 316 508 17.
351 467 399 511 ὡς
432 464 570 518 ἔχουσι
604 465 762 519 τοέχους
796 465 1044 518 πορεύεσθαι.
1108 466 1339 521 Postquam
1373 465 1503 519 ὥσπερ
1535 471 1580 510 in
1608 469 1683 522 ὅσῳ

110 551 183 588 περ
220 551 468 580 conversum
499 539 560 579 est
591 542 781 578 corrector
812 536 958 588 τάχΕΙ
991 551 1065 592 pro
1097 536 1302 589 τοέχΟΥΟ
1335 539 1569 581 substituit.

172 677 275 735 Pag.
315 677 414 718 358.
449 677 489 719 8.
524 677 652 727 δώροις
686 678 852 723 ἐκείνους
887 678 954 726 ἐφ’
988 679 1116 730 ἑαυτῷ
1151 678 1394 727 ποιούμενος.
1459 680 1578 732 Quod
1605 681 1687 724 loci

111 749 317 790 sententia
346 749 522 803 requirit
553 745 710 790 Graece
743 749 898 790 dicitur
929 750 1027 800 Ὑφ’
1061 749 1189 800 ἑαυτῷ
1224 749 1469 801 ποιούμενος.

172 888 296 944 Apud
327 888 556 929 Libanium
588 887 641 928 Π.
677 885 775 928 366.
807 887 875 929 12.
928 887 1163 931 Alexander
1187 892 1324 933 nescio
1352 893 1444 947 quis
1471 891 1608 935 filium
1637 895 1688 936 ad

112 962 245 1002 artem
279 959 503 1000 oratoriam
536 958 776 1000 discendam
806 958 987 1000 Romam
1021 961 1186 1002 misisse
1219 961 1385 1003 dicitur.
1449 962 1593 1005 Rediit
1624 966 1688 1006 iu-

112 1031 230 1072 venis
263 1029 535 1071 Antiochiam
569 1032 715 1070 mutus
747 1032 788 1070 et
816 1029 1023 1086 elinguis,
1058 1031 1164 1071 οὐδὲν
1195 1031 1306 1077 εἰδὼς
1340 1031 1389 1074 ὧν
1413 1033 1557 1074 εἰδέναι
1585 1039 1686 1087 χρῆν

115 1100 295 1142 -οὐδὲν
341 1100 390 1141 ὣν
434 1099 680 1150 ἀνδραπόδου
723 1099 914 1149 βελτίων.
977 1100 1180 1143 Rhetores
1223 1103 1521 1145 Antiochenses
1553 1106 1689 1162 igitur

112 1171 268 1228 gaudio
311 1169 600 1212 exsultabant:
644 1170 843 1219 τοιούτου,
888 1172 1048 1226 inquit,
1095 1172 1252 1221 ἥκοντος
1291 1175 1386 1223 ἡμῖν
1419 1175 1499 1215 ἀπὸ
1533 1175 1687 1225 Ῥώμης

113 1242 252 1293 ἑρμέου
272 1267 326 1272 -
346 1241 415 1282 xcx}
459 1244 536 1282 τῶν
568 1241 766 1282 Ἀττικῶν
798 1241 931 1291 λόγων
965 1243 1270 1292 ὠφελουμένων.
1336 1243 1490 1287 Reiske
1521 1250 1690 1301 putavit

113 1311 251 1364 ὲρμέου
294 1327 380 1354 esse
421 1326 574 1353 nomen
614 1314 832 1366 proprium
876 1316 916 1354 et
952 1312 1180 1355 Alexandri
1211 1313 1347 1356 filium
1380 1316 1587 1358 Hermeam
1618 1332 1687 1374 ap-

111 1382 320 1438 pellatum
354 1383 497 1424 fuisse.
560 1382 807 1439 Legendum
839 1387 901 1426 est
934 1384 1109 1434 ἑρμοείου.

172 1453 232 1495 Ut
265 1454 375 1509 apud
407 1454 571 1496 Atticos
604 1455 662 1495 sic
693 1456 850 1509 passim
883 1455 993 1510 apud
1025 1455 1252 1497 Libanium
1287 1458 1321 1497 si
1348 1458 1416 1498 cui
1441 1460 1687 1513 necopinato

111 1524 280 1566 lucrum
323 1524 492 1579 aliquod
535 1527 608 1565 aut
650 1524 985 1566 emolumentum
1026 1527 1286 1581 insperatum
1321 1529 1526 1570 evenisset
1556 1530 1600 1571 id
1633 1530 1690 1581 ἑρ-

113 1600 235 1645 μοιῑον
277 1598 464 1637 vocatur.
507 1598 556 1636 ut
593 1609 691 1652 pag.
726 1594 826 1637 303.
863 1595 932 1638 19.
966 1596 1127 1648 ἑρμαῖον
1161 1597 1291 1639 οιὺτῶν
1325 1599 1395 1646 τὴν
1429 1603 1501 1646 τῆς
1534 1598 1688 1646 πόλεως

113 1665 295 1718 ἀτυχίαν
328 1665 602 1717 ἡγησάμενος.

172 1807 349 1852 Iuvenes
391 1808 689 1850 Antiochenses
729 1807 1015 1851 Decurionum
1059 1807 1138 1850 filii
1174 1809 1411 1852 studiorum
1453 1825 1576 1854 causa
1612 1818 1686 1854 aut

112 1879 319 1936 Berytum
366 1878 736 1934 proficiscebantur
781 1879 1141 1935 Iurisprudentiae
1187 1881 1327 1922 daturi
1372 1895 1562 1936 operam,
1612 1887 1686 1926 aut

112 1949 295 1993 Romam
333 1951 385 1993 ad
423 1950 618 2007 linguam
662 1954 704 1992 et
738 1950 901 1992 litteras
928 1951 1099 1993 Latinas
1133 1953 1450 2008 cognoscendas.
1513 1953 1687 1996 Reversi

113 2023 158 2063 in
197 2023 381 2077 patriam
423 2022 715 2063 decurionatus
756 2023 1019 2063 vacationem
1062 2022 1370 2077 impetrabant,
1413 2022 1460 2065 ἵν’
1498 2025 1687 2076 ἀφορμὴν

112 2093 168 2138 εἷς
215 2093 259 2133 τὸ
308 2093 379 2139 τὴν
427 2092 578 2142 βουλὴν
629 2093 789 2133 ἐκδῦναι
831 2091 921 2138 τοὺς
969 2091 1110 2141 νόμους
1152 2093 1226 2142 μὲν
1270 2092 1400 2144 ἔχοιεν
1442 2091 1570 2139 οὗτοι.
1614 2098 1685 2142 τὴν

111 2167 308 2213 γλῶτταν
339 2163 379 2204 δὲ
413 2163 575 2213 ε’κεΐνοι,
610 2166 716 2205 teste
749 2162 926 2205 Libanio
959 2163 1011 2204 Π.
1046 2177 1142 2219 pag.
1180 2162 1278 2205 538.
1316 2163 1352 2205 1.

171 2302 276 2360 Pag.
308 2301 405 2346 379.
439 2302 478 2344 3.
507 2301 693 2354 φρόντιζε
719 2303 846 2344 τοίνυν
873 2306 942 2344 τοῦ
971 2304 1082 2352 μετὰ
1111 2307 1249 2345 ταῦτα
1276 2302 1418 2355 χρόνου
1436 2305 1504 2346 ux}
1523 2306 1683 2356 βούλΘΙ

111 2373 202 2420 τοὺς
236 2374 383 2426 φίλους
418 2374 634 2420 ἐπαινέτας
670 2376 832 2424 μᾶλλον
866 2375 887 2423 ἢ
923 2375 1214 2427 μεμφομένους
1250 2373 1373 2427 ἔχειν.
1436 2375 1519 2418 Pro
1546 2378 1688 2427 βούλει

104 2446 332 2500 scripserat
365 2444 564 2494 βούλΟΤ.

174 2584 280 2641 Pag.
316 2584 415 2626 392.
451 2584 492 2626 4.
530 2585 770 2637 γράμματα
804 2591 875 2633 τῆς
910 2593 982 2635 σῆς
1015 2585 1150 2635 δεξιοῖς
1185 2587 1327 2638 λαβὼν
1360 2590 1497 2629 ταῦτα
1531 2590 1584 2635 εἷς
1619 2592 1689 2640 τὴν

114 2655 266 2706 βουλὴν
311 2656 541 2706 εἰσέπεμψε
584 2661 661 2698 τῶν
705 2657 800 2709 παρ’
843 2656 993 2705 ἐκείνης
1039 2656 1298 2708 τευξόμενΑ,
1340 2659 1428 2700 imo
1472 2674 1570 2702 vero
1603 2677 1691 2703 τευ-

113 2724 324 2777 ξόμενΟΟ.

173 2868 280 2926 Pag.
325 2867 425 2912 396.
471 2869 541 2912 14.
585 2869 665 2912 οὐδ’
703 2868 840 2922 ἑτέροις
875 2869 1022 2917 πολιὰς
1057 2869 1318 2925 αἰδούμενος,
1352 2884 1475 2913 sensu
1507 2886 1690 2915 vacuum

117 2943 179 2981 est
211 2939 370 2993 ἓτέροιςτ
405 2942 528 2983 scrib.
563 2940 665 2981 οὐδὲ
697 2946 810 2982 TAC
842 2939 1002 2989 πολιοές.
