1946 3298
907 208 993 254 452

170 335 362 378 νουθετεῖν
393 338 645 387 πεΔαρΤᾶν.
694 334 799 377 Vide
826 334 1111 378 Iamblichum
1142 336 1186 376 in
1217 335 1240 389 ᾗ
1274 334 1374 378 197.
1402 338 1443 378 et
1470 334 1592 379 facile
1619 349 1742 391 appa-

170 407 280 448 rebit
310 407 532 462 utrobique
564 406 678 448 idem
712 419 761 448 ex
793 406 937 448 eodem
971 408 1139 448 auctore
1168 407 1337 448 narrari.

232 544 461 599 Praecepta
492 547 590 586 sunt
620 543 891 600 Pythagorae
916 543 1027 599 apud
1047 543 1173 600 Diog.
1198 544 1337 586 Laert.
1355 543 1467 586 VIII.
1487 543 1557 586 23.
1582 544 1744 596 μνήμην

172 614 323 665 ἀσκεῖν,
353 616 392 656 ἓν
420 615 516 667 ὀργῇ
545 615 650 663 μήτε
679 631 716 656 τι
745 613 883 664 λέγειν
910 615 1015 664 μήτε
1048 613 1256 665 πράσσειν,
1283 615 1484 665 μαντικὴν
1512 621 1584 656 OT
1604 617 1745 657 πᾶσαν

172 687 312 734 τιμᾶν.
356 684 588 726 Mirificum
617 688 678 726 est
706 685 784 726 hoc
811 684 1016 726 ultimum
1040 687 1333 739 praeceptum,
1362 686 1430 726 cui
1455 698 1578 727 nemo
1604 699 1747 740 parere

172 758 328 810 potest,
358 756 457 810 quia
481 768 603 797 nemo
631 755 733 810 quid
757 755 926 797 tandem
955 755 1066 796 dicat
1094 754 1360 811 Pythagoras
1386 755 1624 812 inteUigere
1654 769 1747 796 um-

173 839 301 880 quam
327 827 493 880 poterit.
528 824 797 868 Casaubonus
819 826 985 867 iuvenis
1003 825 1052 866 de
1070 838 1144 867 suo
1162 825 1324 867 addidit
1343 832 1431 876 OT,
1460 827 1558 880 quia
1574 826 1619 866 in
1635 825 1658 879 §
1674 823 1743 866 20.

173 895 439 952 Pythagoras
470 896 624 937 dicitur
655 911 733 937 non
764 895 867 936 omni
899 896 1158 937 divinationis
1184 910 1324 949 yenere
1355 897 1422 937 uti
1458 895 1602 938 solere.
1664 894 1747 937 Sed

176 965 291 1007 aliud
338 970 399 1008 est
441 968 592 1021 τιμᾶν,
640 965 755 1008 aliu'd
799 966 987 1017 χρῆσθαι.
1052 965 1204 1008 Omnia
1246 966 1555 1009 divinationum
1596 979 1749 1021 genera

176 1037 339 1079 habebat
364 1036 407 1077 in
432 1037 596 1088 honore,
626 1036 696 1078 sed
723 1036 903 1078 utebatur
929 1035 1042 1086 illis,
1073 1050 1177 1091 quae
1203 1039 1292 1092 ipse
1318 1037 1532 1092 probasset
1547 1037 1748 1078 maxime.

234 1178 500 1236 Pythagoras
532 1178 642 1234 apud
679 1177 804 1233 Diog.
836 1176 972 1218 Laert.
1008 1176 1120 1219 VIII.
1153 1176 1234 1231 24,
1276 1190 1371 1219 suos
1402 1177 1508 1219 fabis
1537 1179 1651 1220 vesei
1682 1191 1749 1219 ve·

178 1251 261 1291 tuit
303 1257 342 1292 et
385 1249 466 1292 alia
505 1249 554 1291 de
597 1261 721 1290 causa
758 1246 824 1288 καὶ
859 1245 995 1293 ἄλλως
1029 1248 1301 1299 κοσμιωτέρας
1334 1247 1640 1299 ἀπεργάζεσθαι
1673 1247 1749 1294 τας

178 1319 358 1373 γαςέρας
392 1322 448 1369 μη
482 1316 845 1370 παραληφθέντας.
894 1317 1105 1375 Diogenes
1138 1332 1269 1373 quum
1300 1316 1430 1360 vellet
1458 1318 1508 1360 de
1534 1332 1578 1360 re
1605 1330 1752 1372 spurca

178 1394 220 1432 et
251 1390 405 1432 foetida
438 1389 670 1431 verecunde
702 1391 743 1430 et
775 1388 1036 1440 εὐσχημόνως
1070 1388 1227 1438 dicere,
1262 1388 1420 1430 factum
1447 1392 1509 1430 est
1536 1391 1584 1430 ut
1606 1401 1630 1430 a
1649 1386 1753 1430 viris

179 1461 310 1503 doctis
341 1473 422 1502 non
454 1458 764 1516 intelligeretur
796 1457 897 1513 quid
929 1458 1095 1500 diceret.
1132 1501 1137 1506 ,

237 1529 513 1585 Suspicantur
544 1531 679 1586 igitur
715 1528 920 1585 (lepidum
952 1529 1084 1584 dictu)
1120 1543 1167 1572 ea
1197 1530 1324 1572 verba
1358 1528 1563 1580 „insiticia
1590 1528 1688 1570 esse”
1712 1531 1754 1570 et

179 1603 365 1657 expungi
397 1604 597 1656 oportere.
661 1598 744 1641 Res
777 1602 839 1641 est
871 1602 1013 1641 tamen
1045 1599 1374 1654 simplicissima.
1422 1600 1554 1640 Fabae
1580 1614 1657 1640 non
1685 1599 1754 1639 ad-

179 1672 326 1712 bibinae
369 1670 540 1727 (inquit)
585 1675 736 1711 ventres
777 1670 1046 1723 castigatiores
1078 1671 1270 1724 reddunt,
1313 1684 1412 1712 nam
1445 1672 1481 1712 si
1513 1670 1753 1711 adhibueris

179 1743 328 1784 crebros
360 1746 492 1782 venter
515 1743 646 1795 flatus
678 1740 846 1789 emittet,
880 1740 989 1795 quod
1019 1740 1268 1796 philosopho
1300 1754 1381 1782 non
1413 1741 1623 1782 decorum.

237 1882 362 1938 Diog.
396 1881 535 1923 Laert.
570 1879 681 1922 VIII.
715 1878 784 1922 33.
817 1879 887 1927 την
923 1878 962 1921 δὲ
997 1879 1169 1930 ἁγνείαν
1204 1877 1303 1922 εἶναι
1331 1904 1385 1912 --
1411 1878 1644 1932 καθαρεύειν
1671 1879 1754 1922 ἀπό

178 1969 222 1994 τε
255 1952 393 2000 κη’δους
437 1951 504 1993 καὶ
544 1950 692 2003 λέχους
727 1950 796 1992 καὶ
828 1951 1066 2001 μιάσματος
1100 1952 1252 1995 παντὸς
1285 1950 1353 1992 καὶ
1387 1950 1619 2002 ἀπέχεσθαι
1653 1950 1755 2003 βρω-

177 2027 254 2065 τῶν
285 2022 516 2070 θνησειδίων.
582 2021 663 2062 Pro
706 2021 856 2073 λέχους
899 2024 1063 2063 mutato
1105 2024 1276 2063 accentu
1305 2021 1572 2063 scribendum
1604 2024 1754 2073 λεχοῦς

179 2096 428 2149 (puerpera).
495 2091 806 2147 Theophrastus
845 2091 932 2143 περὶ
978 2091 1291 2142 δεισιδαιμονίας
1335 2105 1423 2146 cap.
1456 2091 1569 2133 XVI.
1613 2094 1754 2134 narrat

179 2165 246 2205 τὸν
288 2162 562 2213 δεισιδαίμονα
605 2161 695 2203 οὔτε
734 2161 926 2212 ἐπιβῆναι
959 2163 1145 2212 μνήματι
1180 2161 1269 2203 οὔτε
1303 2161 1368 2202 ἐπὶ
1402 2161 1532 2214 νεκρὸν
1564 2162 1655 2204 οὔτε
1687 2161 1752 2204 ἐπὶ

178 2235 290 2285 λεχὼ
325 2234 451 2275 ἐλθεῖν
482 2234 667 2280 ἐθελῆσαι
701 2232 818 2273 ἄλλα
845 2231 890 2273 τὸ
914 2233 971 2282 μη
994 2233 1222 2282 μιαίνεσθαι
1249 2231 1454 2285 συμφέρον
1485 2233 1593 2285 αὐτῷ
1619 2236 1752 2286 φῆσαι

179 2303 295 2347 εἶναι.
358 2304 621 2359 Porphyrius
660 2303 746 2354 περὶ
791 2303 956 2356 ἀποχῆς
990 2303 1059 2345 IV.
1089 2318 1187 2360 pag.
1222 2302 1321 2345 353.
1356 2302 1423 2345 καὶ
1460 2303 1599 2352 ἐπίσης
1630 2303 1753 2354 μεμί-

180 2391 299 2417 ανται
333 2372 355 2415 ὅ
384 2390 430 2416 τε
464 2376 612 2425 λεχοῦς
646 2372 858 2423 ἁψάμενος
893 2374 962 2415 καὶ
991 2374 1008 2415 ὁ
1038 2374 1283 2428 θνησειδίων,
1314 2387 1413 2416 nam
1439 2375 1498 2416 sic
1524 2373 1753 2430 legendum

176 2459 250 2501 pro
282 2445 324 2486 οὐ
361 2444 557 2497 ςελέχους
592 2443 779 2494 ἅψασθαι
814 2446 863 2491 ὡς
896 2445 941 2486 τὸ
975 2446 1209 2492 θνησειδίων.

235 2594 364 2637 Haud
395 2593 619 2648 illepidum
652 2598 713 2635 est
747 2595 1079 2637 animadvertere
1108 2609 1210 2649 quas
1236 2596 1414 2650 ineptias
1439 2594 1647 2651 Diogenes
1671 2607 1753 2636 non

176 2667 263 2707 sine
304 2665 514 2722 gravitate
555 2668 694 2705 narret
736 2668 777 2706 et
815 2668 1054 2720 concoquat.
1120 2664 1387 2721 Pythagoras
1417 2678 1500 2707 11011
1530 2664 1625 2707 vult
1656 2677 1752 2706 suos

174 2736 280 2778 fabis
311 2736 436 2777 vesci.
470 2732 583 2776 Cur?
615 2734 867 2784 Aristoteles,
903 2736 1042 2790 inquit
1070 2733 1184 2777 VIII.
1216 2734 1284 2776 34.
1314 2736 1357 2776 in
1384 2736 1482 2776 libro
1509 2733 1558 2776 de
1577 2733 1751 2789 Fabiso)

175 2821 326 2847 causam
359 2806 459 2846 Itane
491 2819 568 2845 esse
598 2804 749 2859 refert.-
783 2801 840 2845 ὅτι
875 2804 1042 2850 αἰδοίοις.
1075 2804 1172 2846 εἰσὶν
1205 2802 1326 2856 ὅμοιοι
1361 2805 1381 2853 ἢ
1417 2801 1475 2845 ὅτι
1506 2804 1643 2845 Ἃιδου
1677 2804 1752 2846 πύ-

174 2886 292 2923 λαις,
326 2874 436 2916 unde
469 2873 643 2931 colligas
668 2875 857 2928 pudenda
890 2879 931 2916 et
966 2875 1056 2916 Orci
1088 2875 1249 2917 ianuam
1281 2875 1384 2917 nihil
1411 2876 1520 2916 inter
1547 2888 1589 2916 se
1617 2874 1751 2917 forma

175 2946 359 2997 differre,
395 2944 504 3000 quod
536 2958 694 2990 novum
727 2948 767 2987 et
799 2944 983 2988 notabile
1014 2948 1089 2987 est.
