1946 3298
938 167 1023 210 420

191 295 315 355 gnet,
359 294 430 339 sed
469 293 696 352 paullatim
738 296 947 337 crescente
987 293 1232 350 plebeculae
1264 293 1512 338 credulitate
1544 295 1586 338 et
1616 293 1770 338 sacrifi—

192 366 385 410 culorum
411 366 584 410 audacia
610 364 693 408 alia
719 379 770 407 ex
797 364 892 407 aliis
919 368 1108 408 serantur
1134 365 1350 415 miracula,
1382 366 1582 414 θαύματα
1606 371 1768 422 μωροῖς,

192 438 308 480 idem
348 438 394 479 in
435 436 706 493 Pythagorae
747 437 838 478 vita
871 436 1028 478 factum
1063 435 1274 478 videmus.
1336 436 1460 491 Apud
1490 440 1652 479 veteres
1684 436 1768 494 Py-

193 508 392 564 thagoras
434 520 558 549 sanus
599 509 688 561 est,
732 506 903 555 doctus,
953 505 1158 562 prudens,
1208 507 1371 561 sapiens
1418 507 1455 548 si
1498 508 1590 562 quis
1637 506 1768 558 alius3

194 577 305 633 apud
344 577 441 620 illos
480 576 708 619 nebulones
749 577 874 628 γόης,
919 575 1107 631 ἀλαζών,
1151 575 1484 628 θαυματουργός,
1527 579 1694 633 ineptus
1729 581 1772 621 et

191 647 397 690 ridiculus
429 648 517 690 sine
550 648 755 703 exemplo.
819 648 959 702 Atque
990 647 1092 690 haec
1124 648 1266 690 omnia
1297 647 1566 703 impudenter
1595 649 1772 691 mentie-

192 718 345 760 bantur
386 731 519 773 quum
560 719 651 760 veri
692 721 819 761 testes
850 731 933 760 non
963 721 1132 759 tantum
1165 722 1448 773 superessent,
1482 718 1554 760 sed
1587 719 1632 760 in
1662 720 1772 774 ipso-

191 802 289 831 rum
327 789 524 831 manibus
565 792 843 831 versarentur.
908 787 1123 840 Quantum
1158 802 1371 846 nugarum
1402 789 1522 831 nobis
1552 789 1773 832 venditant

193 859 244 901 de
277 860 528 902 abstinentia
560 859 611 902 ab
638 873 712 902 esu
738 859 950 905 fabarum:
982 873 1108 914 quam
1139 859 1298 901 multos
1322 859 1563 915 praedicant
1588 863 1772 902 mortem

194 934 388 987 oppetere
421 930 622 973 maluisse
654 944 781 986 quam
819 931 935 972 fabas
967 931 1182 984 attamen,
1216 930 1373 973 nedum
1405 944 1565 971 comesse
1598 930 1637 984 (ξ
1668 929 1769 972 191.

194 1001 252 1051 μὴ
293 1000 532 1051 βουλόμενοι
577 999 719 1052 δόγμα
760 1001 1033 1053 παραβαίνειν
1070 1001 1115 1042 τὸ
1158 1004 1321 1043 κελεῦον
1364 1000 1531 1051 κυάμων
1568 1000 1625 1050 μὴ
1669 1000 1773 1050 θιγ-

192 1070 412 1122 γάνειν).
477 1071 541 1114 Ν5
582 1072 760 1113 verbum
802 1071 975 1126 quidem
1011 1072 1163 1122 1111115
1205 1086 1351 1114 verum
1397 1075 1481 1114 est:
1524 1072 1773 1113 Aristoxeno

192 1145 359 1185 auctore
401 1144 443 1183 et
483 1143 590 1183 teste
630 1140 963 1197 locupletissimo
1004 1140 1246 1193 Πυθαγόρας
1293 1146 1369 1183 τῶν
1407 1141 1575 1191 ὀσπρίων
1607 1141 1773 1191 adme-oa

192 1212 260 1255 τὸν
293 1211 449 1263 κύαμον
482 1211 741 1262 ἐδοκίμασεν·
774 1211 999 1253 λειαντικόν
1033 1228 1079 1254 τε
1111 1212 1194 1264 γὰρ
1226 1208 1326 1253 εἶναι
1361 1212 1429 1253 καὶ
1463 1210 1773 1264 διαχωρητικόν·

193 1282 248 1326 διὸ
293 1282 361 1324 καὶ
404 1281 570 1332 μάλιςα
611 1283 759 1335 ἐχρῆτο
794 1283 918 1335 αὐτῷ.
983 1282 1092 1325 Eant
1123 1296 1234 1324 nunc
1265 1281 1535 1338 Hippobotus
1567 1285 1609 1324 et
1639 1281 1775 1324 Nean-

192 1355 286 1396 thes
333 1356 374 1396 et
421 1353 668 1409 Apollonius
714 1357 756 1396 et
801 1352 1108 1403 Nicomachus,
1157 1356 1199 1394 et
1245 1352 1449 1408 quidquid
1495 1355 1558 1394 est
1599 1353 1775 1394 testium

194 1424 518 1474 eiusdemmodi,
571 1438 617 1467 ac
663 1438 738 1467 sua
785 1426 1025 1466 commenta
1070 1424 1153 1466 sibi
1198 1423 1380 1466 habeant
1426 1425 1673 1478 serventque
1716 1435 1776 1465 se-

190 1494 378 1551 pulchro.
1128 1497 1134 1501 ’

252 1566 334 1609 Η15
379 1567 516 1624 igitur
562 1567 758 1609 omnibus
806 1566 955 1621 spretis
1003 1568 1045 1608 et
1087 1565 1254 1608 omissis
1296 1578 1406 1607 1111115
1448 1567 1511 1607 est
1540 1562 1776 1620 praeclarus

194 1640 360 1687 auctor,
406 1638 526 1679 cuius
567 1638 812 1680 testimonia
852 1650 952 1679 auro
995 1641 1136 1678 contra
1169 1649 1262 1678 cara
1292 1636 1449 1691 passim
1480 1634 1673 1692 neglecto
1703 1648 1776 1677 no-

192 1709 307 1750 mine
347 1710 391 1749 in
431 1707 656 1750 Iamblichi
692 1707 900 1764 farragine
931 1706 1087 1755 latent,
1120 1707 1432 1748 ARISTOXENUM
1464 1705 1569 1746 dico.
1618 1705 1776 1746 Aristo-

192 1780 290 1821 xeni
316 1779 555 1835 fragmenta
584 1780 673 1821 eius
697 1780 866 1820 nomine
892 1779 1096 1835 insignita
1128 1777 1354 1834 diligenter
1380 1775 1553 1832 collegit
1576 1778 1617 1818 et
1634 1775 1778 1818 ordine

193 1849 399 1905 disposuit
429 1849 587 1891 Mahne
615 1851 660 1891 in
689 1849 877 1890 Diatribe
908 1852 950 1891 et
977 1862 1027 1891 ex
1055 1862 1102 1890 eo
1133 1845 1177 1890 G.
1207 1847 1368 1890 Miiller
1391 1848 1435 1888 in
1464 1846 1620 1900 Fraqm.
1651 1845 1775 1897 Hist„

194 1919 265 1962 sed
307 1933 393 1961 esse
434 1919 519 1961 eine
560 1920 713 1962 nomine
742 1921 867 1973 stores
908 1932 958 1961 ex
999 1920 1246 1961 Aristoxeno
1290 1918 1504 1973 decerptos
1546 1920 1588 1960 et
1620 1916 1778 1960 alicubi

193 1990 456 2032 absconditos
487 2004 611 2033 nemo
643 1991 850 2047 cogitasse
879 1989 1065 2033 videtur.

252 2060 424 2104 Faciam
464 2062 601 2118 igitur
642 2063 732 2117 ipse
773 2060 1011 2116 periculum
1052 2062 1093 2103 et
1125 2059 1366 2102 Aristoxeni
1397 2071 1592 2115 gemmas
1623 2071 1645 2100 e
1677 2061 1777 2100 ster-

193 2144 284 2174 core
315 2130 539 2174 Iamblichi
572 2146 715 2174 eruere
747 2131 936 2174 conabor.

252 2201 538 2244 Luculentum
576 2205 768 2244 tenemus
816 2202 1077 2244 Amsroxnm
1122 2200 1412 2258 fragmentum
1459 2200 1482 2254 ᾖ
1525 2197 1772 2242 195-213.

192 2272 266 2314 ubi
307 2286 447 2314 rerum
490 2276 532 2314 et
573 2274 877 2315 sententiarum
920 2276 961 2315 et
993 2272 1218 2315 verborum
1250 2271 1356 2314 ratio
1389 2270 1509 2313 docet
1540 2271 1704 2326 antiqui
1735 2273 1777 2313 et

191 2343 290 2384 boni
322 2344 535 2398 scriptoris
567 2343 669 2386 haec
702 2357 809 2393 esse,
848 2357 1029 2398 eumque
1057 2357 1140 2385 non
1172 2342 1305 2384 alium
1338 2355 1425 2383 esse
1458 2354 1585 2396 quam
1617 2342 1777 2383 Aristo-

190 2425 348 2454 xenum
386 2427 435 2455 ex
465 2414 632 2455 indiciis
665 2414 919 2470 quibusdam
950 2418 991 2456 et
1023 2413 1277 2456 testimoniis
1310 2411 1568 2468 colligimus.
1630 2411 1776 2454 Potest

190 2481 450 2524 lamblichus
497 2484 546 2525 de
593 2497 666 2526 suo
717 2484 845 2526 alieni
892 2484 993 2540 quid
1037 2483 1331 2533 admiscuisse,
1375 2485 1514 2537 potest
1551 2482 1776 2525 facundam

190 2552 431 2595 Aristoxeni
463 2554 694 2596 orationem
727 2568 802 2597 sua
834 2555 1012 2597 infantia
1043 2553 1237 2596 nonnihil
1268 2554 1464 2603 vitiasse,
1493 2552 1565 2595 sed
1593 2554 1775 2595 eximius

191 2624 306 2664 totus
337 2621 454 2665 locus
487 2627 549 2665 est
583 2628 624 2665 et
657 2624 960 2667 memorabilis.

252 2691 366 2744 Quae
405 2692 658 2748 praecedunt
709 2695 731 2748 ξ
775 2693 1024 2737 189-194,
1067 2707 1150 2737 11011
1193 2707 1280 2737 5555
1321 2693 1562 2736 Aristoxeni
1602 2707 1667 2736 res
1711 2698 1773 2737 est

190 2763 438 2805 certissima.
483 2761 527 2812 ἐξ
569 2760 618 2805 ὧν
655 2763 899 2814 Ἱππόβοτος
937 2764 1004 2806 καὶ
1039 2764 1223 2813 Νεάνθης
1255 2763 1341 2815 περὶ
1376 2763 1565 2805 Μυλλίου
1598 2764 1665 2806 καὶ
1699 2770 1773 2806 Τι-

187 2831 333 2886 μύχας
365 2834 441 2874 τῶν
475 2834 754 2886 Πυθαγορείων
785 2835 991 2886 ἱςοροῦσιν.
1054 2835 1150 2879 Νο11
1181 2838 1345 2891 poterat
1378 2834 1653 2876 Aristoxenus
1691 2837 1770 2877 tes-

186 2905 249 2946 tes
291 2902 363 2946 diu
402 2906 497 2959 post
527 2919 569 2948 se
600 2908 719 2948 natos
751 2905 1000 2961 producere,
1035 2909 1076 2949 et
1109 2920 1174 2949 res
1210 2906 1302 2962 ipsa
1333 2917 1438 2961 quae
1469 2918 1614 2949 eorum
1647 2905 1769 2948 testi-
