1946 3298
921 143 1005 186 469

235 272 433 328 Sequitur
462 280 523 314 vs·
556 268 625 313 67.

534 342 632 384 ἀλλ’
664 339 797 393 ε’ίργου
830 340 993 392 βρωτῶν
1025 337 1074 380 ὧν
1107 337 1285 388 εἴπομεν.

174 413 246 456 sed
276 413 454 457 verbum
485 411 535 454 de
567 412 697 466 cibis,
732 411 884 466 quibus
918 413 1023 452 esset
1049 410 1369 465 abstinendum,
1396 408 1564 452 nullum
1591 410 1744 453 fecerat

174 487 299 540 atque
330 483 432 526 haec
462 496 558 539 pars
590 480 799 524 Carminis
831 481 932 524 olim
963 481 1190 523 intercidit.

233 554 281 597 Si
328 554 377 596 de
424 554 532 596 fabis
577 566 659 595 non
700 552 966 595 comedendis
1008 554 1050 593 et
1093 552 1190 593 sim.
1230 553 1516 608 praeceperat,
1551 551 1745 607 equidem

172 625 280 668 hanc
310 626 516 667 iacturam
549 625 800 679 aequissimo
832 624 972 666 animo
1003 622 1150 665 feram.

233 765 463 821 Reliquum
495 767 557 807 est
587 765 779 806 omnium
813 763 1105 806 foedissimum
1133 763 1291 805 vitium
1317 764 1362 804 in
1389 762 1555 806 ultimis
1582 778 1643 807 vs.
1676 762 1743 807 70.

353 835 398 884 ἣν
432 834 465 875 δ’
497 834 733 887 οέπολείῲοος
769 835 870 885 σῶμ’
904 835 960 881 εἷς
996 832 1116 886 αἰθέρ’
1153 833 1351 886 ἐλεύθερον
1387 832 1502 886 ἔλθῃς

354 905 491 947 §wem
524 904 724 952 οὶθοένοιτος
761 906 842 950 θεὸς
876 903 1081 956 ἄμβροτος
1116 903 1246 946 οὐκέτι
1281 902 1432 953 θνητός.

232 975 327 1019 Non
375 978 436 1018 est
484 977 597 1018 enim
645 976 727 1019 alia
773 976 907 1018 forma
947 977 1086 1032 magis
1125 975 1290 1017 sordida
1333 977 1374 1016 et
1415 973 1578 1029 plebeia
1620 987 1748 1029 quam

173 1045 322 1099 ἔλειψοι
366 1060 440 1102 pro
478 1045 616 1089 ἔλιπον
648 1050 689 1089 et
721 1048 890 1089 omnino
923 1060 996 1102 pro
1030 1047 1202 1101 antiquo
1236 1046 1387 1087 aoristo
1419 1045 1584 1086 seeundo
1616 1044 1749 1086 forma

171 1117 335 1174 plebeia
382 1119 525 1160 aoristi
558 1118 683 1172 primi
726 1116 906 1172 ἕλειψοι,
954 1115 1057 1172 ἥξοι,
1106 1114 1288 1171 ἕφευξοο,
1338 1113 1484 1167 ἔδηὲοι,
1531 1114 1750 1169 ἡμάρτησοο

173 1192 214 1231 et
246 1190 342 1230 sim.

232 1259 453 1302 Praeterea
490 1260 718 1303 homuncio
750 1260 938 1316 quisquis
972 1261 1034 1301 est
1066 1259 1283 1301 coniunxit
1315 1256 1516 1305 οέθοὲνοιτος
1552 1258 1634 1303 θεὸς
1670 1255 1751 1307 ἑξμ-

172 1329 313 1382 βροτος
347 1332 466 1386 quasi
499 1329 698 1378 οέθοὲνοιτος
735 1333 776 1372 et
809 1329 1016 1381 ἄμβροτος
1050 1343 1133 1371 non
1165 1334 1272 1371 esset
1304 1343 1440 1370 unum
1473 1331 1514 1370 et
1543 1328 1670 1370 idem.

232 1399 422 1456 Denique
464 1415 516 1443 an
556 1401 681 1456 haec,
729 1414 903 1456 quaeso,
950 1404 1012 1442 est
1055 1400 1243 1442 doc-trina
1282 1399 1568 1456 Pythagorica
1600 1401 1750 1439 animas

173 1470 448 1526 defunctorum
480 1471 631 1513 relictis
657 1472 879 1525 corporibus
910 1471 954 1512 in
986 1472 1130 1512 coelum
1151 1470 1269 1526 ferri
1295 1485 1340 1511 ac
1356 1473 1455 1524 fieri
1483 1470 1572 1511 deos
1599 1470 1750 1511 immor-

173 1541 306 1583 tales?
336 1541 401 1584 Ne
430 1542 648 1584 refutanda
681 1542 851 1597 quidem
882 1542 983 1584 haec
1016 1544 1126 1584 sunt.

234 1611 281 1654 Si
312 1613 405 1668 quis
431 1615 575 1655 tamen
607 1610 787 1655 Carmen
816 1613 1006 1655 Aureum
1035 1612 1207 1668 probare
1238 1610 1353 1654 volet
1384 1613 1425 1653 et
1457 1609 1656 1653 admirari

472 1698 550 1725 non
582 1682 755 1739 equidem
785 1682 963 1735 invideo,
998 1683 1118 1724 miror
1149 1681 1282 1735 magis.

737 2094 1162 2139 ARISTOXENEA.

235 2248 285 2291 ln
325 2248 404 2291 fine
445 2248 571 2289 huius
613 2245 772 2302 opellae
815 2247 972 2288 iterum
1010 2244 1237 2301 diligenter
1268 2242 1455 2300 relegam
1488 2244 1750 2287 Amsroxnm

176 2320 415 2378 fragmenta
449 2317 576 2375 (apud
608 2315 654 2360 C.
687 2316 858 2358 Mulier.
892 2316 936 2358 F.
973 2314 1030 2356 H.
1066 2313 1150 2369 Gn).

235 2390 626 2433 Praeclarissimum
659 2390 722 2429 est
753 2386 992 2428 Aristoxeni
1018 2386 1307 2442 fragmentum
1336 2385 1446 2440 apud
1473 2384 1624 2427 Athen.
1650 2400 1747 2443 pag.

179 2460 264 2503 545
292 2476 329 2501 a.
374 2458 616 2512 Ἀριςόξενος
661 2457 696 2499 δ’
743 2457 759 2498 ὁ
800 2455 986 2507 μουσικὸς
1030 2457 1068 2497 ἐν
1110 2456 1165 2507 τῷ
1209 2454 1400 2507 Ἀρχύτοε
1438 2454 1515 2507 βίῳ
1548 2455 1749 2498 ἈΦΙΗΟΙ

178 2531 292 2584 παρὰ
342 2530 549 2572 Διονυσίου
597 2531 666 2570 τοῦ
710 2526 892 2580 νεωτέρου
937 2525 1199 2579 πρεσβευτὰς
1243 2526 1338 2577 πρὸς
1381 2526 1451 2574 τὴν
1493 2527 1751 2578 Τοιροιντίνων

179 2601 309 2644 πόλιν.
373 2600 506 2643 Miror
547 2613 627 2655 quo
665 2602 786 2655 pacto
829 2597 981 2640 eruditi
1019 2597 1102 2639 viri
1134 2609 1386 2651 concoquere
1416 2597 1576 2650 possint
1607 2597 1750 2639 absur-

179 2672 282 2714 dum
329 2670 477 2724 ἀφίησι
523 2672 661 2725 spreta
707 2668 943 2710 Casauboni
988 2666 1277 2708 emendatione
1325 2666 1562 2721 οὶφι(κέσθοιι
1609 2667 1746 2722 macl.

179 2741 350 2784 Scilicet
379 2740 641 2783 reconditum
674 2752 760 2780 esse
790 2738 868 2780 hoc
901 2737 1067 2779 dicendi
1097 2750 1232 2793 genus
1266 2738 1490 2792 opinantur
1522 2740 1562 2778 et
1587 2741 1636 2779 ut
1660 2738 1752 2793 phi-

179 2811 344 2868 losophi
385 2812 581 2854 dicuntur
613 2810 759 2860 γεννοῖν
791 2808 857 2849 τὸν
891 2806 1049 2860 οὐρανόν
1082 2811 1154 2849 aut
1190 2812 1309 2850 κινεῖν
1344 2808 1414 2856 τὴν
1447 2812 1524 2858 γῆν
1555 2809 1614 2850 sic
1645 2808 1687 2849 h.
1721 2807 1750 2850 1.

181 2882 351 2937 ἀφίησιν
381 2895 468 2925 esse
495 2891 646 2923 MISSOS
683 2894 762 2921 esse
792 2885 934 2920 narrat
968 2879 1127 2932 ZeqatOS.
