1946 3298
857 173 917 205 VII

281 285 326 327 οὔ
356 301 414 327 τοι
449 284 528 335 ἐγὼ
561 282 705 336 Τρώων
737 284 877 327 τόσσον
907 284 1022 339 χόλῳ
1056 284 1142 327 οὐδὲ
1175 284 1340 334 νεμέσσι

282 366 386 416 ἥμην
419 366 458 407 ἐν
489 363 686 417 θαλαμῳ,
721 363 850 407 ἔθελον
885 365 918 405 δ’
951 363 1054 416 ἄχεϊ
1086 363 1401 417 προτραπέσθαι.

283 449 348 487 νῦν
381 445 422 487 δέ
455 461 510 496 με
542 445 782 497 manem-055⁹
814 443 965 496 ἄλοχος
999 449 1225 495 μαλακοῖσι
1266 443 1428 486 ἔπεσσιν

283 524 429 578 &pano-²
461 526 500 570 ἐς
534 524 738 575 πόλεμον·
773 524 896 567 δοκέει
928 524 970 566 δέ
1002 540 1067 575 μοι
1101 522 1173 566 ὦδε
1206 524 1274 566 καὶ
1309 523 1419 575 αὐτῷ

282 606 396 648 λώϊον
428 604 637 647 ἔσσεσθαι·
671 605 757 653 νίκη
791 604 823 646 δ’
856 604 1145 656 οέπαμείβεται
1179 603 1336 657 ἄνδρας.

284 687 382 728 ἀλλ’
416 686 498 736 ἄγε
531 688 596 727 νῦν
630 685 841 735 ἐπίμεινον.

103 767 200 808 vide
238 780 348 808 nunc
390 767 491 821 quid
531 767 631 809 novi
672 769 799 807 testes
842 766 1012 808 afferant
1051 767 1174 808 novi:
1219 764 1263 807 οὔ
1307 781 1344 806 τι
1387 778 1460 820 pro
1501 764 1546 806 οὔ
1588 779 1674 819 τοι,

100 848 240 897 ’Ήμην
281 861 355 902 pro
395 847 552 897 Ἥμην,
600 844 759 888 ἔσεσθαι
793 860 866 901 pro
898 845 1111 900 ἔσσεσθαι,
1146 845 1395 896 ἐπαμείβετ’
1425 844 1572 897 ἄνδρας
1605 858 1679 900 pro

106 927 421 981 ἐπαμείβεται,
470 931 511 969 et
552 927 667 969 ἄλλα
708 943 760 977 γε
802 940 876 982 pro
918 929 1016 968 ἀλλ’
1059 926 1157 977 ἄγε.
1220 925 1380 968 Suntne
1421 926 1499 968 hae
1541 939 1680 982 nugae

106 1008 249 1051 futiles
281 1022 333 1050 an
364 1021 446 1050 non
479 1005 602 1049 sunt?
634 1007 691 1049 Et
723 1012 821 1049 sunt
853 1011 994 1050 tamen
1025 1008 1103 1050 hae
1135 1007 1310 1050 selectae
1335 1007 1558 1061 lectiones,
1580 1020 1680 1048 nam

106 1090 251 1131 scribit
289 1088 506 1131 Nauckius
548 1102 632 1145 pag
674 1088 706 1130 I.
751 1092 945 1139 „omnium
987 1089 1149 1130 istorum
1191 1088 1363 1129 codicum
1406 1091 1584 1141 ewiyuum
1628 1092 1683 1129 est

97 1173 269 1223 pretium
311 1185 379 1211 nec
413 1173 528 1224 potui
568 1185 592 1210 a
633 1185 690 1210 me
720 1170 929 1223 impetrare
960 1174 1003 1210 ut
1034 1169 1229 1224 quaelibet
1262 1184 1390 1211 eorum
1421 1169 1521 1210 vitia
1554 1184 1685 1221 συνερο-

105 1267 251 1293 rerem.-
297 1251 490 1306 imprimz's
536 1251 681 1292 codicis
725 1249 778 1293 Gr.
828 1265 978 1292 errores
1014 1250 1211 1303 plurimos
1257 1251 1413 1291 silentio
1447 1249 1684 1303 praeterii.”

108 1331 218 1384 Quin
251 1335 299 1373 tu
330 1333 494 1387 potius,
529 1333 771 1373 acutissime
805 1331 995 1381 Naucki‚
1030 1331 1104 1372 has
1135 1332 1314 1386 ineptias
1342 1344 1485 1372 omnes
1512 1331 1682 1384 abiicis‚

107 1427 206 1455 nam
249 1412 339 1454 fieri
378 1426 460 1454 non
505 1416 642 1467 potest
683 1416 730 1454 ut
768 1416 815 1454 tu
848 1414 986 1453 minus
1019 1425 1147 1466 quam
1179 1425 1256 1468 ego
1288 1413 1513 1467 perspicias
1544 1413 1686 1453 omnia

108 1494 209 1536 haec
251 1507 332 1535 non
372 1507 458 1535 esse
489 1494 615 1534 unius
647 1494 761 1535 assis.
825 1492 953 1534 Estne
987 1492 1210 1534 (lodicibus
1241 1506 1344 1547 opus
1374 1496 1423 1534 ut
1456 1506 1534 1549 ego
1567 1496 1608 1534 et
1640 1496 1687 1534 tu

107 1573 268 1628 liquido
300 1575 482 1615 sciamus
514 1577 658 1614 utrum
691 1572 735 1614 οὔ
766 1589 825 1615 τοι
859 1587 910 1614 an
939 1572 984 1614 οὕ
1015 1589 1052 1614 τι
1077 1573 1344 1615 scribendum
1372 1575 1446 1623 sit,
1480 1577 1521 1615 et
1546 1575 1684 1624 Ἥμην

110 1667 162 1696 an
200 1655 340 1705 Ἤμην
382 1658 423 1696 et
469 1655 566 1696 ἀλλ’
600 1653 682 1704 ἄγε
717 1668 768 1696 an
800 1653 917 1695 οὶλλοέ
951 1652 1030 1705 ys?
1062 1654 1158 1696 Non
1190 1655 1346 1709 opinor.
1395 1654 1512 1697 Haec
1545 1656 1686 1697 omnia

111 1739 153 1778 et
193 1735 275 1778 alia
314 1735 639 1778 innumerabilia
681 1735 731 1777 de
774 1749 925 1792 genere
971 1735 1050 1778 hoc
1090 1749 1171 1777 non
1203 1739 1302 1777 sunt
1333 1750 1383 1778 ex
1416 1735 1495 1778 fide
1527 1736 1687 1778 Punica

110 1817 318 1859 librorum
360 1816 672 1866 constituenda,
718 1817 789 1859 sed
827 1831 877 1859 ex
906 1830 1005 1859 sana
1034 1818 1194 1859 ratione
1228 1820 1268 1858 et
1301 1815 1484 1859 Graecae
1519 1831 1688 1859 consue·
1743 1866 1745 1869 ¹

111 1897 269 1939 tudinis
299 1899 462 1952 peritia.
527 1897 643 1939 Utile
675 1901 737 1939 est
769 1901 811 1939 et
842 1899 943 1939 satis
975 1900 1038 1939 est
1064 1897 1191 1939 semel
1219 1895 1396 1939 firmiter
1422 1898 1688 1939 constituisse

110 1978 155 2019 in
187 1977 411 2020 Codicibus
445 1976 617 2020 Graecis
649 1978 844 2020 omnibus
877 1978 1089 2033 (omnibus,
1116 1980 1311 2033 inquam,
1340 1978 1458 2020 bonis
1486 1981 1527 2019 et
1551 1978 1687 2028 malis,

110 2059 289 2101 vetustis
329 2063 371 2100 et
411 2058 664 2109 recentibus)
709 2064 765 2099 ΟΙ
811 2062 852 2100 et
894 2065 910 2098 Ι
954 2059 1064 2100 inter
1095 2072 1138 2100 se
1169 2059 1326 2113 ubique
1357 2060 1591 2113 permutari
1624 2059 1688 2113 (ut

112 2145 169 2180 Al
203 2141 244 2180 et
278 2137 350 2194 e):
383 2139 525 2193 itaque
554 2140 662 2180 sitne
695 2152 840 2181 verum
866 2138 970 2180 οὔτοι
999 2152 1050 2180 an
1078 2138 1162 2180 οὔτι
1188 2142 1381 2180 nostrum
1408 2142 1471 2180 est
1497 2138 1680 2189 definire,

111 2233 194 2262 non
238 2219 467 2273 librorum,
515 2222 556 2261 et
602 2222 739 2261 omnis
780 2219 1073 2262 huiuscemodi
1115 2219 1345 2261 lectionum
1389 2220 1687 2275 discrepantia,

113 2314 218 2355 quae
263 2300 418 2341 videtur
465 2313 574 2349 esse,
623 2300 694 2341 sed
739 2299 858 2342 nulla
906 2303 991 2354 est,
1041 2300 1275 2342 abiicienda
1323 2304 1396 2342 aut
1442 2302 1687 2356 respuenda.

113 2380 308 2423 Sexcenti
349 2384 447 2422 sunt
477 2380 559 2422 loci
588 2383 829 2436 poetarum,
863 2381 937 2422 ubi
970 2386 1148 2423 OTTOI
1182 2385 1223 2423 et
1257 2387 1392 2423 OTTI
1426 2386 1568 2425 contra
1599 2397 1689 2425 sen-

113 2462 291 2502 tentiam
338 2463 379 2502 et
426 2464 568 2502 contra
612 2464 797 2502 metrum
841 2461 1010 2503 confusa
1051 2461 1271 2511 videmus,
1315 2465 1362 2503 ut
1403 2463 1447 2504 in
1489 2463 1690 2519 Aeschyli

115 2541 337 2582 Prometheo
368 2553 431 2582 vs.
467 2538 551 2582 1¹72

476 2620 548 2662 καί
578 2621 623 2670 μ’
655 2620 760 2662 οὕΤΙ
793 2625 1089 2673 μελιγλώσσοις
1125 2625 1283 2671 πειθοῦς

476 2701 725 2743 ἐπαοιδαῖσιν
759 2701 902 2751 θέλξει.

117 2783 191 2824 ubi
223 2782 439 2824 Mediceus
471 2782 723 2838 archetypus
755 2784 1001 2826 mendosum
1037 2784 1142 2826 οὔτοι
1175 2785 1357 2827 exhibet.

177 2861 305 2904 Estne
349 2862 482 2918 igitur
514 2876 661 2917 operae
691 2865 875 2918 pretium
906 2864 1009 2907 talia
1035 2865 1139 2909 locis
1169 2867 1403 2909 innumeris
1434 2881 1485 2909 ex
1517 2867 1690 2912 deterio-
