1946 3298
881 159 967 204 127

122 284 315 328 πείθουσα
360 284 436 342 (sic
476 285 651 328 Reiske:
685 285 816 330 Codd.
849 286 1078 341 πείθοντα),
1115 284 1166 330 ὧν
1198 288 1241 330 οὐ
1276 287 1518 339 ποιουμένων
1551 288 1617 332 ὅτε
1649 306 1695 332 τε

120 357 200 409 χρὴ
241 355 309 398 καὶ
350 358 446 409 παρ’
490 354 538 398 ὧν
579 357 658 399 οὐδ’
703 356 753 399 ἂν
794 357 917 404 αὐτὸς
962 358 1196 407 ἐθελήσειεν.
1261 358 1435 401 Ostendi
1477 359 1560 402 alio
1606 360 1697 403 loco

121 426 387 468 scribendum
420 439 530 469 esse:
560 428 628 469 τὸν
655 432 802 470 Νεῖλον
830 428 870 470 δὲ
897 429 1034 471 ‘IGPA
1064 429 1122 474 ε’ςι
1151 435 1230 471 TA
1250 454 1303 460 —
1323 430 1525 472 πείθοντα.
1574 430 1696 474 Nunc

121 496 294 539 demum
324 497 609 556 intelligitur:
643 495 692 540 ὦν
724 500 766 541 οὐ
802 498 1058 550 ποιουμένων.

183 657 386 701 Libanius
427 661 653 714 postquam
691 659 798 701 dixit
838 659 892 702 ΙΙ.
931 660 1028 703 196.
1077 660 1116 703 1.
1147 660 1382 716 prinoipem
1414 659 1699 703 Theodosium

122 729 173 772 ab
213 729 417 784 improbis
454 729 698 772 hominibus
730 744 816 772 esse
849 730 1072 787 deceptum
1106 732 1295 788 (τοιοῦτον
1329 731 1561 782 ἐργαςήριον
1596 731 1700 780 ήπά-

120 805 292 849 τησΕΝ.
333 799 417 857 leg.
464 800 652 850 ήπάτησέ
688 800 783 858 ΟΕ.)
818 800 1092 845 blandissime
1126 802 1311 844 addidit:
1345 800 1519 849 πολλοὺς
1554 801 1594 843 δὲ
1627 803 1696 844 καὶ

122 871 228 917 θεοὺς
272 871 387 922 παρα
429 875 506 913 τῶν
556 877 720 913 ΘΕΩΝ
769 871 969 922 μαθόντες
1017 872 1135 923 ἴσμεν
1180 872 1483 921 ἀπατηθέντας.
1548 873 1701 915 Multos

121 943 210 984 deos
252 957 397 998 quoque
441 943 613 997 (inquit)
654 942 795 983 seimus
836 958 914 984 esse
957 945 1131 998 deceptos
1164 944 1288 985 edocti
1317 959 1342 984 a
1372 968 1426 974 --
1461 957 1485 985 a
1516 942 1700 999 quibus?

119 1014 187 1056 An
229 1013 280 1055 ab
321 1013 423 1068 ipsis
453 1010 574 1054 Diis?
638 1010 923 1056 Credebantur
955 1014 1206 1057 stultissime
1237 1014 1310 1056 Dii
1339 1014 1603 1056 immortales
1635 1028 1701 1057 oo-

119 1098 211 1126 ram
241 1087 476 1139 praesentes
509 1097 607 1125 cum
639 1082 801 1126 Iuliano
835 1084 1121 1140 confabulari,
1158 1085 1229 1127 sed
1258 1098 1341 1127 non
1374 1099 1471 1127 cum
1499 1084 1698 1136 Libanio‚

121 1155 277 1210 opinor.
327 1154 448 1196 Unde
479 1155 615 1211 igitur
645 1153 754 1197 Deos
786 1169 948 1211 quoque
978 1170 1065 1198 esse
1094 1157 1285 1212 deceptos
1313 1154 1496 1198 sciebat?
1538 1156 1701 1212 Nempe

120 1225 171 1268 ab
202 1224 388 1268 Homero
420 1229 462 1267 et
491 1224 689 1268 Hesiodo.
753 1226 857 1268 Noti
890 1230 988 1268 sunt
1021 1227 1291 1282 Xenophanis
1323 1226 1543 1270 versiculi:

333 1294 472 1338 πάντα
508 1296 605 1343 θεοῖς
638 1295 835 1345 ἀνέθηκαν
865 1296 1048 1350 (Ὀμηρός
1081 1300 1113 1339 θ’
1145 1296 1322 1344 Ἡσίοδός
1355 1313 1414 1339 τε.

336 1366 547 1422 κλέπτειν,
581 1368 789 1421 μοιχεύειν
822 1385 868 1410 τε
901 1367 969 1410 καὶ
1003 1369 1208 1418 ἀλλήλους
1241 1368 1510 1411 ἀπατύλλειν.

181 1438 370 1481 Emenda
409 1439 566 1495 igitur:
613 1438 726 1488 παρα
759 1442 835 1480 τῶν
868 1443 1096 1488 ποιητῶν
1129 1439 1342 1490 μαθόντες.
1406 1438 1613 1496 Compara
1643 1440 1702 1482 lo-

121 1523 216 1552 cum
250 1508 304 1551 II.
340 1507 409 1551 87.
447 1507 516 1550 32.
552 1508 755 1559 ἑπομένοις
788 1515 839 1562 τῇ
873 1510 987 1563 παρα
1017 1514 1094 1552 τῶν
1127 1515 1297 1559 ποιητῶν
1336 1510 1584 1565 διδασκαλία
1620 1510 1703 1552 δου-

120 1581 266 1622 λεῦσαι
301 1578 478 1633 λεγούση
508 1579 574 1621 τὸν
608 1579 829 1632 Ἡρακλέα.

181 1741 286 1798 Pag.
330 1739 433 1783 202.
477 1739 518 1782 2.
562 1736 605 1788 ἦν
638 1756 720 1795 σοι,
754 1738 781 1782 ὦ
810 1741 1015 1792 βασιλεῦ,
1049 1740 1241 1793 κηρῦξαι·
1276 1773 1298 1794 ‚,
1314 1741 1455 1792 μηδεὶς
1491 1741 1599 1797 (ΔΘ)
1626 1745 1704 1783 τῶν

123 1813 190 1854 ὑπ’
235 1811 320 1862 ἐμοὶ
368 1810 560 1865 νομιζέτω
605 1812 711 1859 θεοὺς
755 1812 859 1863 μηδὲ
901 1810 1101 1862 τιμάτω.”
1164 1811 1384 1856 Sententia
1426 1812 1509 1855 loci
1544 1813 1705 1868 respuit

123 1883 317 1926 additum
351 1881 406 1925 δέ.

185 2035 376 2078 Fanatici
418 2034 613 2077 monaehi
658 2034 818 2090 templa
861 2048 1124 2092 paganorum
1165 2036 1389 2079 vastabant
1432 2050 1610 2092 opesque
1642 2036 1704 2079 di-

125 2106 347 2162 ripiebant.
381 2105 500 2147 Tom.
533 2103 586 2146 II.
619 2119 715 2162 pag.
746 2105 847 2148 203.
882 2105 949 2147 10.
987 2121 1093 2161 „quo
1122 2105 1264 2146 iure?”
1298 2108 1460 2162 quaerit
1486 2107 1702 2150 Libanius.

125 2181 207 2222 πῶς
235 2176 275 2218 δὲ
301 2176 356 2218 τοὶ
384 2177 458 2227 μὲν
489 2175 886 2229 καταφέρουσι,
921 2176 976 2218 τα
1005 2176 1037 2218 δ’
1066 2175 1259 2228 ἀράμενοι
1287 2177 1496 2231 φέρουσιν;
1527 2178 1622 2221 Non
1640 2181 1702 2220 est

122 2247 193 2289 hic
224 2247 349 2289 verbo
381 2246 630 2299 καταφέρειν
661 2246 787 2289 loeus.
839 2247 1055 2290 Sententia
1091 2247 1307 2302 postulant
1339 2253 1519 2303 vastant,
1548 2249 1701 2304 delent,

122 2319 203 2360 solo
237 2322 427 2373 aequant:
459 2319 602 2372 itaque
634 2317 689 2358 τα
723 2318 796 2368 μὲν
829 2323 1207 2371 καταφΘΕΙρουσιν
1240 2319 1562 2361 emendandum.
1620 2319 1704 2362 No-

123 2391 217 2430 tum
266 2392 328 2430 est
376 2388 549 2441 φθείρειν
596 2391 637 2430 et
683 2387 817 2440 φέρειν
866 2390 1097 2431 sexcenties
1144 2390 1254 2431 inter
1301 2403 1343 2431 se
1389 2390 1559 2432 confusa
1601 2404 1700 2433 esse.

124 2458 298 2502 Ostendi
320 2473 440 2514 saepe
467 2458 594 2510 alias,
622 2460 784 2501 ostendi
807 2474 940 2515 nuper
961 2473 1068 2503 novo
1098 2459 1291 2515 exemplo
1321 2460 1372 2502 ad
1399 2459 1663 2504 Strabonem.

182 2609 387 2652 Libanius
425 2609 478 2651 II.
522 2609 622 2652 206.
669 2609 708 2651 6.
753 2609 994 2663 ἀμφοτέρων
1026 2610 1239 2663 εὐεργέτης
1275 2609 1436 2657 εἰκότως
1470 2610 1519 2653 ἂν
1554 2611 1702 2662 δοκοίην

123 2677 177 2728 οἷς
211 2697 257 2723 τε
289 2679 558 2732 συμβουλεύω
590 2680 657 2722 καὶ
692 2687 817 2723 ΠΕΡΙ
850 2678 898 2724 ὧν
930 2682 1210 2734 παρελήλυθα.
1251 2681 1356 2738 Leg.
1386 2681 1454 2722 καὶ
1483 2682 1607 2734 ’Ὑπὲρ
1636 2680 1698 2725 ὧν.

182 2829 384 2873 Libanius
421 2830 474 2873 II.
521 2845 617 2888 pag.
660 2830 760 2875 207.
806 2831 846 2873 8.
894 2832 981 2885 περὶ
1025 2832 1101 2882 μὲν
1144 2828 1208 2874 οὖν
1253 2835 1330 2874 τῶν
1371 2831 1510 2875 ἀλλων
1554 2827 1581 2874 ἑὲ
1625 2838 1702 2875 ΔΗ

124 2904 256 2943 κεῖται
303 2905 379 2944 τῶν
419 2903 460 2944 ἐν
502 2908 584 2951 τοῖς
630 2902 925 2951 διδασκαλείοις
969 2907 1116 2952 κακῶς.
1179 2903 1283 2961 Leg.
1327 2900 1355 2946 ἃ
1399 2909 1632 2947 ΔΙΑκειται
1663 2904 1703 2945 ἐν
