1946 3298
935 175 1019 217 450

194 310 269 357 per
298 301 401 345 alios
433 316 482 346 ex
515 301 802 344 monumentis
833 299 1073 342 litterarum
1105 301 1299 342 veterum
1330 298 1433 341 olim
1466 295 1691 353 deperditis
1717 294 1770 337 ad

195 385 270 414 nos
300 373 572 430 propagavit,
607 370 702 420 sed,
738 372 773 411 si
804 383 904 412 vera
937 370 1072 411 dicere
1103 368 1222 419 lieet,
1255 383 1339 411 non
1370 370 1432 410 est
1465 367 1572 409 alius
1595 367 1770 421 scriptor

194 441 384 499 Diogene
423 441 613 484 stolidior
659 443 700 482 et
739 441 931 495 ineptior.
996 438 1169 481 Nullius
1200 439 1349 480 iudicii
1379 438 1506 480 homo
1537 450 1677 479 rerum
1711 435 1772 477 di-

194 513 531 554 versissimarum
574 511 747 552 notitias
785 513 857 552 aut
890 508 1067 550 utilium
1100 523 1149 550 ex
1181 509 1302 550 bonis
1333 509 1536 561 testibus,
1569 509 1642 548 aut
1674 505 1772 547 futi-

196 581 305 624 lium
346 585 387 625 et
427 581 656 624 stultarum
698 594 748 622 ex
788 580 1009 635 pessimiS,
1051 582 1273 634 tamquam
1315 593 1365 620 ex
1403 577 1567 620 sacculo
1599 576 1773 618 effundit

195 651 312 694 nullo
345 652 529 701 delectu,
567 650 712 693 ordine
742 649 874 691 nullo.
922 649 982 690 Ut
1015 663 1134 691 casus
1167 653 1208 691 et
1239 649 1406 691 fortuna
1432 647 1591 689 ferebat
1616 647 1772 688 brevis-

195 722 304 764 sima
345 724 539 777 excerpta
582 724 656 763 aut
687 720 738 762 ab
768 721 858 775 ipso
890 720 1076 762 confecta
1108 723 1181 761 aut
1214 718 1279 775 (ut
1307 718 1561 774 plurimum)
1593 717 1644 758 ab
1677 714 1772 757 aliis

196 794 363 847 accepta
404 791 693 848 conglutinat,
738 793 780 832 et
820 790 929 831 nihil
961 793 1023 832 est
1055 793 1146 832 tam
1176 788 1405 832 absurdum
1437 787 1548 843 quod
1578 787 1660 842 ipsi
1690 799 1773 828 non

197 861 394 904 credibile
425 876 471 904 ac
501 875 651 904 verum
680 874 767 902 esse
797 860 999 903 videatur.
1049 861 1126 902 Nil
1153 862 1334 902 miratur
1355 858 1465 901 VIII.
1499 857 1568 900 14.
1614 857 1774 913 Pytha-

197 945 345 988 goram
377 937 622 974 ΠΡΩΤΟΝ
657 932 712 976 εἶς
746 932 839 978 τοὺς
869 931 1080 979 Ἕλληνας
1115 930 1246 984 μέτρα
1280 930 1348 972 καὶ
1382 928 1524 979 ςαθμα
1555 927 1774 978 εἰσηγήσα-

198 1003 302 1044 σθαι.
350 1003 490 1045 Facile
531 1002 662 1044 credit
707 1002 748 1056 (ξ
779 1001 868 1056 21.)
914 1002 1208 1059 Pythagoram
1252 998 1505 1042 κατελθόντα
1547 999 1603 1045 εἰς
1633 997 1774 1040 “Αιδου

197 1074 269 1121 την
315 1073 390 1121 μὲν
438 1072 620 1114 Ἡσιόδου
667 1073 808 1124 ψυχὴν
852 1071 947 1114 ἰδεῖν
992 1071 1087 1124 πρὸς
1131 1071 1227 1114 κιόνι
1270 1072 1419 1124 χαλκῷ
1463 1068 1673 1119 δεδεμένην
1706 1067 1775 1109 καὶ

198 1142 431 1195 τρίζουσαν,
463 1144 533 1192 την
571 1142 611 1183 δὲ
645 1143 823 1193 Ὀμήρου
858 1141 1114 1194 κρεμαμένην
1147 1141 1230 1183 άπὸ
1262 1141 1414 1192 δένδρου
1446 1139 1513 1181 καὶ
1548 1138 1660 1192 ὄφεις
1687 1137 1775 1189 περὶ

202 1213 352 1263 αὐτήν,
388 1214 473 1254 ἀνθ’
505 1210 553 1253 ὧν
589 1209 696 1253 εἷπον
729 1211 816 1263 περὶ
849 1212 955 1253 θεῶν.
1005 1211 1168 1253 Ibidem
1194 1212 1304 1254 vidit
1332 1213 1461 1253 etiam
1487 1208 1776 1262 κολαζομένους

200 1284 292 1330 τοὺς
326 1284 383 1334 μη
417 1282 625 1328 ἐθέλοντας
661 1287 834 1323 συνεῖναι
868 1281 1074 1336 (συνιέναι)
1100 1288 1193 1329 ταῖς
1224 1283 1374 1323 ἑαυτῶν
1400 1279 1609 1334 γυναιξίν,
1636 1281 1779 1334 itaque

202 1356 307 1396 serio
350 1358 391 1395 et
433 1354 620 1410 graviter
663 1353 883 1394 admonuit
925 1351 1187 1396 Crotoniatas
1224 1366 1276 1394 ne
1306 1352 1351 1394 id
1381 1352 1574 1393 facerent.
1637 1349 1780 1392 Huius

201 1426 262 1466 rei
302 1425 454 1466 notitia
494 1423 799 1464 Dicaearchum
843 1423 892 1464 de
937 1423 1083 1465 eodem
1116 1425 1366 1480 argumento
1397 1424 1637 1463 narrantem
1669 1419 1780 1475 apud

201 1494 483 1537 Iamblichum
516 1491 626 1547 §48
660 1493 820 1549 fugisse
853 1493 1036 1543 videtur,
1070 1497 1252 1548 qubcum
1285 1493 1491 1535 consentit
1522 1491 1780 1534 lamblichus

202 1567 245 1607 in
286 1562 411 1620 §28
455 1562 706 1614 ἀπαλλάξαι
751 1562 791 1604 δὲ
831 1563 1005 1614 λέγεται
1051 1565 1142 1610 τοὺς
1187 1563 1467 1615 Κροτωνιάτας
1502 1562 1780 1619 (Pytkaqoras)

203 1639 279 1677 τῶν
321 1634 588 1676 παλλακίδων
629 1634 696 1675 καὶ
741 1632 911 1675 καθόλου
955 1639 1028 1683 τῆς
1073 1634 1166 1686 πρὸς
1206 1634 1282 1681 τας
1317 1634 1545 1684 άνεγγύους
1578 1637 1779 1683 γυναῖκας

204 1707 380 1756 ὁμιλίας.
427 1703 490 1747 of.
524 1706 546 1759 ξ
583 1703 678 1746 132.
745 1704 860 1746 Idem
904 1706 992 1746 sine
1036 1704 1125 1746 ulla
1162 1705 1424 1747 dubitatione
1457 1704 1507 1746 de
1537 1704 1783 1760 Pythagora

205 1777 351 1818 scribit
381 1776 403 1830 ξ
440 1774 505 1817 19.
551 1775 804 1817 οὐδεπώποτε
842 1773 1019 1824 ἐγνώσθη
1053 1774 1144 1817 οὔτε
1177 1774 1383 1828 διαχωρῶν
1417 1774 1508 1816 οὔτε
1540 1770 1782 1827 ἀφροδισιά-

207 1847 280 1899 ζων
323 1845 414 1888 οὔτε
458 1846 674 1896 μεθυσθείς.
743 1845 838 1887 Non
881 1845 1121 1902 significant
1163 1846 1265 1887 haee
1308 1845 1600 1902 Pythagoram
1629 1843 1784 1885 remotis

208 1917 368 1958 arbitris
410 1919 483 1958 aut
521 1921 690 1957 ventrem
733 1930 942 1957 exonerare
987 1919 1060 1958 aut
1102 1916 1237 1957 liberis
1281 1917 1376 1957 dare
1418 1930 1571 1970 operam
1610 1913 1784 1957 solitum

206 1989 359 2036 fuisse,
404 1987 603 2042 quoniam
648 2000 793 2028 omnes
836 1987 894 2027 sic
936 1987 1115 2033 faciunt,
1152 1986 1223 2028 sed
1256 1986 1453 2028 dicuntur
1485 1985 1632 2028 eodem
1661 1998 1786 2027 sensu

207 2071 288 2113 quo
331 2058 380 2099 de
423 2057 600 2099 Platone
633 2057 777 2098 scribit
810 2055 1020 2112 Diogenes
1052 2056 1190 2099 Laert.
1222 2056 1302 2106 III²
1340 2055 1410 2098 26.
1445 2053 1566 2102 οὕτως
1599 2053 1644 2103 ἦν
1675 2054 1785 2101 αἰδή-

207 2144 292 2178 μων
334 2144 379 2168 τε
422 2128 490 2168 καὶ
535 2126 698 2176 κόσμιος
744 2124 819 2170 ὥςε
861 2125 1066 2176 μηδέποτε
1101 2127 1270 2178 ὀφθῆναι
1305 2130 1437 2177 γελῶν
1472 2124 1706 2177 ὑπεράγαν,
1740 2127 1782 2167 et

207 2198 256 2239 de
299 2198 545 2254 Pythagora
587 2198 850 2253 Porphyrius
893 2197 915 2251 ξ
949 2195 1018 2238 35.
1062 2197 1149 2239 οὐδὲ
1193 2197 1442 2248 γελάσαντα
1484 2194 1780 2246 ἣκλαύσαντά

207 2268 268 2314 τίς
316 2284 412 2309 ποτε
464 2269 605 2309 ἐκεῖνον
655 2267 865 2308 ἐθεάσατο.
928 2266 1075 2321 Itaque
1124 2268 1160 2308 si
1208 2268 1310 2322 quid
1352 2267 1531 2322 Diogeni
1574 2267 1782 2309 credimus

207 2352 439 2393 numquam
471 2340 515 2379 in
547 2340 637 2380 vita
667 2337 934 2394 Pythagoras
967 2341 1039 2379 aut
1073 2339 1233 2379 cacavit
1264 2341 1336 2379 aut
1367 2337 1520 2379 liberos
1552 2338 1632 2379 sibi
1659 2350 1782 2392 quae-

209 2410 334 2461 sivit,
369 2408 478 2463 quod
511 2421 557 2450 eo
590 2409 730 2464 magis
762 2407 957 2450 mirabile
990 2411 1052 2449 est
1084 2409 1182 2462 quia
1212 2409 1393 2450 habebat
1418 2407 1569 2449 liberos
1595 2407 1782 2462 complu-

209 2492 273 2519 res
306 2482 347 2519 et
379 2478 494 2519 fabas
527 2491 710 2520 comesse
743 2478 903 2519 solebat
937 2478 1146 2533 „quoniam
1182 2478 1217 2519 is
1248 2478 1355 2518 cibus
1385 2478 1613 2519 subduceret
1642 2477 1783 2519 sensim

210 2547 360 2589 alvum''
389 2547 433 2588 id
465 2551 527 2588 est
559 2546 846 2600 διαχωρητικόν
881 2545 938 2595 ἦν.
975 2546 1100 2603 (Gell.
1134 2547 1207 2591 IV.
1246 2549 1337 2605 Il).

271 2617 353 2659 Sed
397 2616 500 2659 tales
542 2619 724 2672 ineptiae
756 2632 807 2659 ne
839 2618 1011 2660 ridendo
1044 2618 1216 2673 quidem
1247 2619 1444 2676 redargui
1477 2619 1649 2672 debent,
1682 2618 1784 2659 satis

212 2693 274 2731 est
305 2687 434 2730 talem
467 2690 618 2729 testem
651 2689 833 2730 reiicere.
883 2689 1004 2731 Nihil
1038 2692 1100 2730 est
1130 2688 1205 2731 illo
1232 2691 1369 2732 sanior
1394 2688 1674 2742 Iamblichus‚
1703 2701 1783 2743 quo

212 2761 319 2800 teste
348 2759 370 2812 ξ
406 2757 503 2799 141.
567 2758 716 2800 Abaris
749 2758 946 2801 κατέλυεν
981 2759 1019 2801 ἐν
1052 2764 1134 2806 τοῖς
1169 2761 1282 2811 ἱεροῖς
1313 2760 1380 2801 καὶ
1415 2758 1506 2801 οὔτε
1536 2758 1656 2800 πίνων
1693 2758 1784 2801 οὔτε

215 2829 348 2871 ἐσθίων
380 2828 491 2882 ὤφθη
525 2828 635 2870 ποτέ.
701 2828 810 2881 Quid
844 2843 891 2871 eo
924 2830 1094 2872 homine
1126 2829 1279 2873 facias?
