1946 3298
896 158 977 201 191

212 279 438 336 Sophocles
467 283 619 338 fragm.
656 279 756 324 393.
791 295 890 339 pag.
923 281 1023 325 178.

421 351 487 392 καὶ
523 352 661 393 περ-σοὶ
692 352 1010 403 πεντάγραμμοι
1043 352 1111 394 καὶ
1144 352 1279 402 κύβων
1311 352 1458 403 βολάς.

211 421 486 463 Athenienses
526 436 608 464 non
649 421 772 464 aliter
816 422 1009 464 dicebant
1050 436 1177 477 quam
1214 429 1560 474 πεντεγραιμμοι,
1594 428 1636 465 et
1667 426 1726 466 sic

150 491 261 547 apud
293 491 511 534 Pollucem
544 496 656 534 recte
687 492 896 534 scribitur.
958 492 1151 534 Pellucet
1180 493 1326 535 eadem
1357 494 1491 535 forma
1521 495 1565 535 in
1590 493 1724 550 Hesy-

150 562 299 603 chiana
330 561 471 617 glossa
503 566 715 617 corrupta:

419 632 556 674 πεσσόι
589 633 727 673 πέντΕ
759 630 1000 683 γράμματα
1035 632 1102 673 καὶ
1137 632 1273 682 κύβων
1306 632 1455 684 βολάς.

210 702 305 745 Non
344 701 555 743 intellexit
597 702 732 743 scriba
776 707 1215 744 neNTerPAMMA
1260 717 1346 745 esse
1382 718 1516 745 unum
1547 707 1728 748 vocabu-

149 772 266 815 lum:
315 773 457 827 itaque
502 773 547 812 in
594 771 676 813 duo
722 772 851 815 verba
898 772 1125 828 dispescuit
1171 777 1213 814 et
1259 774 1374 816 dedit
1420 775 1558 816 πεσσρὶ
1606 775 1726 817 πέντε

150 841 428 895 γράμμαΤΑ.

212 912 337 969 Apud
379 911 553 954 Suidam
595 927 637 954 v.
682 911 1010 959 πεντετάλαντος
1054 913 1142 961 δίκη
1185 913 1323 956 editur
1367 915 1412 956 τὸ
1457 921 1489 957 Ε
1531 914 1728 968 ἄτρεπτον

154 989 334 1035 τηρεῖται
374 983 489 1035 παρὰ
521 988 604 1029 τοῖς
637 984 863 1033 Ἀττικοῖς,
898 984 969 1026 sed
1000 997 1074 1039 pro
1106 984 1151 1026 τὸ
1189 991 1219 1026 Ε
1251 985 1558 1028 emendandum
1591 990 1653 1028 est
1683 987 1729 1028 τὸ

150 1054 324 1097 πέντε.

207 1124 354 1180 Neque
385 1128 551 1167 tantum
587 1123 633 1166 τὸ
667 1124 789 1165 πέντε
820 1124 892 1166 sed
925 1125 1055 1166 etiam
1087 1126 1132 1167 τὸ
1166 1123 1228 1174 ἕξ,
1264 1126 1310 1168 τὸ
1340 1126 1468 1176 ὀκτώ,
1503 1127 1547 1167 τὸ
1588 1126 1729 1169 ἑκατόν

149 1195 260 1251 apud
301 1196 465 1237 Atticos
507 1193 694 1245 ἄτρεπτα
735 1201 932 1247 τηρεῖται.
977 1195 1025 1237 cf.
1064 1195 1245 1237 Photius
1276 1211 1316 1238 v.
1351 1197 1598 1249 Πεντέπηχυ
1632 1211 1730 1239 cum

151 1267 417 1308 annotatione
449 1265 618 1308 Naberi.

212 1404 437 1461 Sophocles
468 1405 621 1463 fragm.
656 1406 757 1449 395.

451 1476 562 1519 κάτω
597 1477 823 1527 κρέμανται
856 1476 984 1528 σπίζαι
1016 1477 1114 1523 τέως
1149 1479 1188 1519 ἕν
1221 1476 1384 1530 ἕρκεσιν.

153 1547 312 1602 optime
344 1547 534 1589 Dindorf.
570 1547 682 1599 σπίζ’
706 1548 870 1593 ὍΠως.
903 1551 952 1589 ut
982 1547 1204 1603 Euripides
1236 1549 1391 1606 fragm.
1431 1548 1531 1592 961.

453 1617 637 1666 διοπετὴς
670 1615 775 1663 ὅπως
808 1618 909 1669 cicino
942 1617 1127 1668 ἀπέσβη.

151 1691 194 1731 et
223 1690 382 1744 passim
416 1689 527 1744 apud
559 1687 809 1744 Sophoclem
842 1692 884 1730 et
916 1688 1034 1730 alios.

213 1825 439 1882 Sophocles
469 1827 624 1884 fragm.
655 1826 756 1870 427.
784 1841 883 1885 pag.
913 1827 1012 1869 185.
1042 1828 1152 1883 apud
1180 1828 1454 1883 Apollonium
1472 1831 1528 1883 de
1553 1831 1733 1872 Pronom.

151 1910 248 1953 pag.
286 1895 354 1939 70.
375 1898 410 1939 b.
441 1897 657 1939 scribitur:
693 1913 726 1939 ει
760 1913 835 1947 μεν
869 1914 960 1939 ωσει
994 1899 1169 1940 θασσονικ
1203 1900 1316 1940 ειδωο·
1349 1916 1491 1942 ειτεκοι
1519 1900 1664 1942 vatam.
1692 1901 1736 1941 in

153 1966 321 2010 Scholio
353 1968 405 2010 ad
437 1967 557 2010 Iliad.
594 1968 645 2010 X.
678 1967 778 2010 410.
810 1969 832 2016 ἦ
862 1969 936 2019 μὲν
962 1968 1053 2010 ὡσεὶ
1082 1968 1220 2011 odem.
1251 1971 1272 2019 ἡ
1303 1970 1342 2012 δὲ
1372 1969 1559 2020 ὦσιτέξου
1588 1971 1734 2014 waram.

153 2037 234 2082 ἔςιν
267 2035 330 2080 οὖν
363 2038 450 2092 δφί.
515 2038 742 2094 Sophocles
774 2039 962 2081 dederat:

885 2110 906 2157 ἦ
938 2110 1013 2160 μὲν
1046 2112 1097 2156 ὡς
1128 2107 1144 2152 ἳ
1177 2109 1355 2152 θάσσονσι

491 2180 512 2229 ἡ
547 2178 580 2220 δ’
615 2181 665 2226 ὡς
698 2174 713 2220 ἳ
745 2185 978 2222 TeToxe
1011 2180 1158 2223 παῖδα.

211 2249 330 2292 Duae
358 2253 513 2291 matres
543 2250 654 2291 inter
685 2263 727 2291 se
759 2250 1064 2292 contendebant
1094 2256 1187 2291 utra
1218 2252 1443 2294 velociorem
1461 2254 1601 2308 filium
1620 2269 1738 2308 pepe-

153 2323 281 2362 risset.
344 2319 572 2362 Manifesto
601 2321 830 2375 requiritur
857 2320 1091 2376 perfectum
1124 2321 1278 2363 τέτοκε.
1332 2322 1451 2374 Quod
1482 2323 1634 2366 Nauck
1663 2338 1738 2380 pro

155 2390 230 2442 δφί
271 2390 498 2445 reponebat
532 2389 810 2442 διφορούμενον
842 2390 1017 2432 fallitur.
1079 2391 1191 2434 Noto
1223 2393 1468 2448 compendio
1502 2396 1559 2436 sic
1591 2395 1737 2436 scribi·

153 2464 224 2502 tur
264 2473 339 2515 pro
385 2459 624 2511 δίφθογγον.
688 2460 977 2517 Ambigebant
1019 2465 1165 2504 utrum
1210 2468 1346 2504 QCGI
1392 2476 1443 2505 an
1491 2470 1590 2506 ΩΕΙ
1632 2468 1739 2505 esset

154 2530 265 2585 apud
305 2529 543 2572 Homerum
588 2530 870 2572 scribendum.
933 2531 1116 2587 Reperta
1147 2545 1246 2574 vera
1279 2532 1404 2575 lectio
1436 2534 1694 2576 demonstrat
1725 2533 1744 2576 ἵ

153 2613 241 2642 esse
271 2601 411 2642 breve.

636 2672 657 2719 ἦ
692 2670 725 2712 δ’
761 2672 810 2717 ὥς
841 2666 857 2712 ‘i
889 2671 1030 2713 τέτοκε
1063 2673 1216 2714 παῖδα.

214 2740 546 2795 Compendium,
592 2755 673 2795 quo
717 2741 941 2793 δίφθογγος
985 2745 1026 2784 et
1069 2742 1293 2793 δίφθογγον
1338 2744 1558 2794 scribitur,
1598 2745 1737 2786 fraudi

155 2811 237 2853 fuit
261 2810 459 2853 Piersono
487 2811 539 2853 ad
566 2811 800 2854 Moeridem
829 2826 925 2869 pag.
957 2811 1056 2854 132.
1091 2812 1312 2862 „ernam
1344 2814 1588 2861 Ἑλληνικῶς
1618 2814 1732 2867 δφον.

156 2881 258 2936 quod
286 2882 383 2936 qaid
411 2881 464 2923 aaz
495 2881 662 2923 neseio?
