1946 3298
930 142 1012 185 551

188 282 351 308 caesum.
384 271 420 308 et
452 280 535 306 cum
567 267 688 308 omnis
720 268 849 308 concio
881 268 1145 322 acclamasset,
1178 268 1405 317 Hostium,
1440 267 1590 322 inquit,
1619 286 1754 316 arma-

187 341 328 379 torum
370 338 495 379 toties
536 338 718 380 clamore
759 352 838 380 non
886 339 1056 380 territus
1098 341 1171 394 qui
1213 353 1385 394 possum
1423 346 1561 384 vestro
1593 347 1756 387 moveri

187 421 366 463 quorum
399 421 577 451 noverca
603 414 666 451 est
691 406 864 451 Italia?''
911 408 1056 451 Cicero
1079 424 1152 463 pro
1180 411 1334 452 Milone
1362 410 1403 453 3.
1430 410 1510 465 §8
1541 416 1621 462 ‚‚P.
1639 415 1756 467 Afri-

186 494 306 520 canus
347 493 460 533 quum
498 495 522 519 a
568 483 608 521 0.
647 480 818 521 Carbone
848 479 1003 520 tribuno
1027 480 1159 533 plebis
1189 481 1232 520 in
1265 485 1443 522 concione
1473 483 1654 524 seditiose
1686 485 1755 540 (an

184 550 424 607 insidiose&
462 550 772 603 i7eterr09aretur
813 551 910 605 quid
948 551 996 591 de
1031 551 1088 593 Ti.
1125 551 1294 592 Gracchi
1324 557 1444 594 morte
1474 557 1658 603 sentiret,
1698 570 1757 595 re·

185 621 365 675 spondit.-
396 633 496 662 mnu
527 633 693 663 cnnsun
723 621 906 662 VIDER1.'⁷
953 621 1130 663 Factum
1162 621 1240 663 hoc
1268 627 1330 664 est
1353 637 1459 665 anno
1488 624 1595 675 131,
1625 638 1758 680 quum

185 691 319 734 Carbo
360 690 502 748 legem
543 705 662 733 suam
695 691 745 733 de
779 692 958 733 tribunis
990 691 1125 746 plebis
1156 691 1389 735 reficiendis
1423 695 1617 736 suaderet
1650 694 1755 751 (Cic.

184 762 232 802 de
273 761 429 802 Amica.
474 760 579 815 25).
642 761 736 803 Liv.
774 762 941 815 Epitom.
979 762 1053 803 59:
1088 778 1234 814 „quum
1270 764 1390 805 Carbo
1422 765 1604 805 tribunus
1632 765 1758 818 plebis

185 831 438 886 [royationem
481 831 581 886 del.]
627 832 781 873 tulisset
821 836 865 873 ut
905 833 1063 873 eundem
1109 833 1308 874 tribunum
1346 835 1472 888 plebis
1521 834 1588 890 (L.
1633 836 1754 890 plebi)

182 901 330 954 quoties
365 903 480 943 veltet
522 917 655 943 creare
699 903 854 951 liceret,
890 906 1126 954 roqatz'onem
1159 906 1241 943 eius
1271 904 1320 945 P.
1353 905 1580 959 Africanus
1606 908 1756 958 qravis—

179 972 280 1012 sima
320 974 496 1014 oratione
536 973 747 1022 dissuasit,
794 973 837 1013 in
879 987 954 1027 qua
985 973 1089 1013 dimit
1124 973 1180 1014 Ti.
1217 974 1431 1014 Gracchum
1462 987 1561 1017 IURE
1594 986 1757 1017 CAESUM

179 1042 362 1084 Vinnnff'
424 1042 534 1084 Tum
577 1057 675 1085 vero
711 1048 801 1085 tota
833 1044 1030 1085 concione
1063 1042 1323 1086 occlamante
1354 1045 1483 1086 verba
1514 1046 1633 1087 iecit:
1670 1050 1757 1095 „ta-

180 1117 292 1154 ceant
324 1113 462 1167 quibus
494 1113 622 1154 Italia
653 1118 710 1154 est
741 1113 943 1155 noverca.''
979 1113 1066 1156 vid.
1100 1113 1273 1155 Ruhnk.
1308 1114 1360 1156 ad
1393 1114 1528 1157 Vellei
1559 1115 1587 1158 l.
1607 1116 1636 1158 1.

241 1183 463 1225 Caeterum
505 1185 616 1239 quod
657 1184 846 1226 Velleius
888 1183 1126 1239 Scipionem
1158 1184 1323 1226 inducit
1357 1185 1589 1228 dicentem:
1626 1187 1689 1236 „si
1721 1187 1757 1227 is

180 1255 425 1308 occupandae
464 1255 703 1309 reipublicae
745 1255 917 1296 animum
957 1254 1199 1297 habuisset?
1244 1268 1325 1296 non
1359 1260 1421 1298 est
1451 1256 1495 1297 id
1529 1260 1649 1299 caute
1682 1262 1756 1299 aut

181 1324 330 1367 callide
374 1339 397 1367 a
438 1324 632 1380 Scipione
675 1326 894 1379 additum,
933 1325 1003 1367 sed
1035 1324 1311 1367 maledictum
1344 1328 1485 1380 potius
1517 1341 1644 1382 quam
1678 1329 1756 1370 cri-

179 1409 290 1437 men.
356 1395 619 1450 Quicumque
665 1397 776 1437 enim
825 1395 986 1437 Romae
1033 1397 1219 1437 inimicis
1267 1400 1307 1437 et
1350 1397 1537 1439 osoribus
1580 1400 1666 1440 suis
1714 1404 1756 1440 et

180 1467 350 1507 omnino
382 1466 631 1508 adversariis
661 1468 840 1508 nimiam
876 1470 918 1508 et
944 1466 1252 1508 intolerabilem
1282 1469 1514 1522 potentiam
1541 1469 1754 1511 videretur

178 1536 354 1587 habere,
382 1541 526 1592 parata
555 1541 643 1579 erat
671 1538 910 1579 criminatio
937 1552 1095 1588 reqnum
1123 1539 1310 1592 affectare
1336 1538 1574 1588 hominem,
1595 1555 1753 1591 reqnum

178 1621 381 1661 occupare,
416 1622 579 1660 reanum
607 1623 774 1662 parare,
803 1623 927 1660 reqenz
953 1622 1056 1662 esse,
1086 1623 1269 1661 reynare,
1301 1609 1453 1663 quibus
1479 1610 1619 1651 verbis
1644 1609 1753 1651 nihil

179 1682 266 1720 erat
307 1679 508 1720 Romanis
551 1679 723 1720 auribus
756 1678 941 1720 odiosius
973 1682 1015 1719 et
1048 1678 1099 1719 ad
1130 1679 1337 1720 invidiam
1369 1679 1629 1722 conflandam
1666 1680 1753 1722 effi-

178 1751 340 1799 cacius,
390 1763 645 1804 quamquam
695 1753 852 1791 temere
902 1752 1066 1803 arrepta
1113 1752 1153 1790 et
1200 1749 1319 1791 nullo
1362 1755 1610 1807 argumento
1652 1753 1752 1795 nixa

177 1828 284 1861 esset
324 1820 554 1869 calumnia,
605 1824 652 1861 ut
696 1821 741 1861 in
785 1818 997 1862 Gracchis.
1063 1819 1185 1861 Nihil
1228 1825 1317 1861 erat
1358 1819 1446 1861 illis
1489 1822 1750 1876 temporibus

177 1895 217 1933 et
248 1890 335 1932 illis
367 1891 557 1932 moribus
589 1891 730 1932 minus
761 1889 1040 1931 metuendum
1074 1903 1202 1944 quam
1229 1904 1280 1931 ne
1310 1892 1404 1945 quis
1430 1905 1571 1932 rerum
1599 1893 1751 1946 potire-

176 1965 246 2003 tur
269 1966 311 2003 et
333 1961 493 2003 Romae
517 1964 724 2017 regnaret.
758 1960 852 2002 Non
878 1964 966 2001 erat
995 1959 1186 2001 libertati
1213 1960 1450 2015 periculum
1475 1961 1556 2002 nisi
1574 1962 1624 2003 ab
1641 1961 1748 2013 illis,

176 2033 248 2086 qui
279 2032 407 2087 (quod
435 2036 601 2087 postera
633 2035 804 2072 demum
839 2034 953 2072 aetas
984 2030 1111 2085 vidit)
1148 2032 1379 2072 exercitum
1406 2032 1607 2074 haberent
1625 2035 1753 2076 servi-

174 2101 283 2151 lem,
312 2101 523 2143 libertatis
555 2103 854 2143 immemorem
889 2105 930 2142 et
960 2101 1012 2142 ad
1046 2102 1366 2156 opprimendam
1398 2117 1531 2158 remp.
1566 2107 1607 2145 et
1640 2106 1752 2148 cives

175 2172 520 2214 contrucidandos
547 2176 754 2227 paratum.
789 2171 1037 2213 Ridiculum
1067 2176 1109 2213 et
1137 2171 1366 2213 absurdum
1394 2177 1456 2214 est
1481 2172 1564 2215 tale
1583 2176 1684 2228 quid
1701 2177 1751 2219 de

175 2240 376 2285 Gracchis
407 2244 610 2297 suspicari
638 2247 680 2284 et
705 2243 939 2284 inermibus
971 2246 1011 2284 et
1039 2244 1143 2297 reip.
1175 2244 1490 2285 amantissimis.
1540 2245 1750 2301 Frequens

175 2316 315 2355 tamen
345 2313 424 2356 hoc
455 2315 612 2356 crimen
648 2317 722 2356 cst.
788 2313 1017 2355 Sallustius
1050 2314 1138 2365 luy.
1179 2315 1247 2356 31.
1286 2314 1435 2363 „occiso
1465 2315 1522 2357 Ti.
1552 2316 1744 2365 Graccho,

175 2400 282 2440 quem
319 2400 478 2437 reqnum
514 2400 664 2439 parare
695 2383 889 2426 aiebant.”
923 2387 965 2426 et
998 2385 1134 2426 acrius
1167 2386 1296 2426 etiam
1329 2384 1497 2427 Laelius
1530 2387 1640 2441 apud
1678 2387 1748 2429 Ci-

175 2468 365 2497 ceronem
398 2456 445 2496 de
475 2455 620 2497 amicit.
656 2455 734 2497 12:
774 2458 835 2496 Ti.
873 2455 1069 2496 Gracchus
1100 2470 1256 2507 reynum
1289 2470 1475 2510 occupare
1505 2462 1664 2498 conatus
1696 2465 1751 2500 est

174 2525 237 2566 vel
280 2526 456 2577 reynavit
500 2526 536 2566 is
583 2526 736 2578 quidem
765 2541 916 2580 paucos
957 2525 1138 2567 menses.’'
1180 2529 1221 2567 et
1261 2525 1369 2568 Vell.
1411 2526 1573 2569 Patere.
1619 2528 1672 2570 II.
1707 2528 1748 2571 6.

176 2596 389 2646 „Fulvium
419 2595 623 2650 Flaccum,
657 2611 764 2651 quem
800 2596 839 2638 C.
876 2596 1074 2639 Gracchus
1108 2622 1161 2627 —
1194 2596 1338 2637 socium
1368 2597 1523 2654 regalis
1562 2614 1748 2640 assumse-

173 2671 238 2708 rat
258 2665 500 2721 potentiae.'’
563 2667 708 2723 Magis
742 2667 872 2708 etiam
906 2666 1135 2708 absurdum
1168 2669 1209 2708 et
1242 2666 1514 2709 deridendum
1547 2673 1609 2710 est
1639 2671 1749 2724 quod

173 2740 312 2779 narrat
344 2737 599 2779 Plutarchus
631 2739 675 2778 in
706 2739 797 2779 vita
831 2737 891 2778 Ti.
926 2737 1096 2778 Gracchi
1126 2736 1192 2778 14.
1225 2736 1290 2779 10.
1328 2738 1533 2792 Pompeius
1565 2739 1607 2778 in
1637 2744 1748 2781 curia

174 2808 277 2850 dixit
316 2809 496 2850 babitare
534 2823 574 2849 se
616 2808 661 2849 in
708 2807 874 2849 Gracchi
921 2808 1070 2850 vicinia
1119 2808 1186 2850 noti
1236 2808 1302 2850 διαὶ
1350 2812 1465 2851 τοῦτο
1509 2810 1748 2861 γιγνώσκειν

174 2879 359 2930 Εὔδημον
406 2881 514 2932 αὐτῷ
558 2879 624 2920 τὸν
667 2880 934 2932 Περγαμηνὸν
967 2884 1041 2921 τῶν
1075 2880 1300 2931 βασιλικῶν
1336 2877 1513 2929 διάδημα
1549 2878 1748 2925 aeta-utra
