1946 3298
579 1190 1209 1233 PRAEFATIO..

164 1591 258 1633 Non
302 1595 364 1634 est
404 1592 512 1634 mihi
552 1592 679 1650 longa
719 1594 974 1649 praefatione
1016 1607 1119 1649 opus
1150 1593 1206 1636 τὰ
1239 1594 1349 1636 αὐτοὶ
1381 1594 1470 1646 περὶ
1503 1598 1579 1636 τῶν
1612 1593 1683 1635 0ch-

105 1676 182 1713 τῶν
232 1673 429 1714 scribenti
476 1677 517 1715 et
563 1673 673 1729 quod
721 1675 765 1715 in
819 1673 948 1715 Variis
994 1677 1035 1716 et
1078 1674 1202 1716 Novis
1252 1675 1500 1716 Lectionibus
1551 1677 1592 1716 et
1636 1675 1682 1715 in

105 1753 372 1795 Miscellanez's
421 1755 577 1795 Oritieis
618 1755 797 1811 agebam
837 1755 951 1796 idem
985 1755 1130 1797 eodem
1164 1755 1288 1797 modo
1319 1757 1363 1796 in
1394 1755 1461 1796 his
1497 1755 1683 1796 Collecta-

104 1834 190 1875 nais
231 1836 396 1891 agenti,
430 1848 581 1889 nempe
613 1838 662 1875 ut
694 1836 914 1890 scriptores
946 1834 1124 1877 Graecos
1155 1835 1319 1877 mendis
1350 1837 1550 1890 vitiisque
1581 1835 1683 1877 libe—

105 1929 264 1965 rarem,
321 1928 425 1970 quae
483 1915 714 1957 scribarum
749 1916 950 1962 ,socordia
996 1919 1038 1957 et
1085 1919 1366 1958 correctorum
1413 1915 1595 1957 futilitas
1640 1917 1684 1956 in

107 1997 223 2038 omni
255 1996 505 2051 scriptorum
537 2009 687 2052 genere
718 1980 902 2050 plurima
933 1995 1181 2038 offuderunt.

169 2076 325 2131 Scripsi
369 2077 471 2118 haec
516 2078 673 2132 partim
719 2077 764 2117 in
811 2075 926 2117 dulci
972 2076 1171 2118 feriarum
1220 2078 1326 2126 otio,
1370 2078 1525 2131 partim
1566 2079 1685 2117 extra

106 2157 230 2198 ferias
270 2157 384 2199 horis
426 2157 648 2199 subsicivis
689 2158 739 2198 ut
781 2158 969 2197 animum
1011 2157 1254 2198 muneribus
1298 2157 1562 2198 Academicis
1604 2157 1683 2198 fes-

109 2251 226 2290 sum,
270 2251 446 2291 quorum
489 2251 583 2292 pars
615 2238 783 2294 ingrata
815 2236 1056 2278 admodum>
1076 2240 1117 2278 et
1148 2236 1325 2278 molesta
1357 2240 1443 2291 est,
1477 2239 1685 2279 suavitate

108 2316 325 2358 literarum
356 2316 568 2359 reficerem
600 2321 642 2359 et
672 2331 913 2359 recrearem.

170 2397 271 2439 Erat
312 2399 356 2438 in
393 2399 530 2440 animo
561 2398 639 2440 hae
670 2397 885 2453 praefandi
917 2399 1227 2452 opportunitate
1259 2399 1325 2439 uti
1356 2398 1408 2439 ad
1437 2397 1682 2452 responden-

112 2477 214 2518 dum
258 2478 448 2519 nonnihil
495 2478 730 2528 nonnullis,
781 2480 853 2533 qui
896 2478 1005 2519 mihi
1043 2478 1179 2520 veluti
1219 2477 1377 2519 bellum
1421 2478 1686 2532 indixerunt,

114 2557 184 2598 sed
216 2571 296 2611 quo
328 2560 466 2614 magis
498 2560 754 2614 ingravescit
787 2562 899 2600 aetas
931 2572 977 2600 eo
1008 2559 1150 2599 minus
1181 2558 1290 2599 mihi
1319 2559 1421 2600 haec
1447 2558 1605 2613 proelia
1630 2583 1684 2588 —

113 2651 165 2679 an
205 2639 346 2694 iurgia
379 2663 432 2668 ———
467 2638 644 2693 placent.
709 2638 882 2693 Semper
922 2640 1033 2680 enim
1078 2639 1122 2678 in
1161 2638 1228 2679 his
1269 2638 1505 2692 periculum
1544 2641 1606 2679 est
1637 2652 1688 2680 ne

112 2717 337 2760 incalescas
379 2718 475 2773 plus
517 2720 618 2760 satis
659 2721 699 2759 et
742 2719 881 2760 animo
924 2719 1129 2760 concitato
1172 2731 1218 2759 ea
1257 2718 1407 2772 iacias,
1441 2732 1617 2772 quorum
1650 2721 1692 2759 te

115 2798 287 2852 posthac
331 2802 404 2840 aut
445 2799 588 2855 pigeat
629 2798 865 2853 pudeatque
906 2800 979 2840 aut
1019 2801 1128 2839 certe
1163 2799 1387 2852 poeniteat.
1450 2797 1609 2839 Eadem
1642 2798 1692 2839 de

117 2889 239 2920 causa
275 2879 510 2933 periculum
545 2881 607 2920 est
637 2893 688 2920 ne
720 2892 817 2921 sano
849 2882 889 2920 et
922 2878 1057 2920 sobrio
1090 2877 1235 2920 lectori
1267 2877 1499 2919 ludibrium
1531 2878 1693 2920 debeas,
