1946 3298
932 152 1017 194 440

191 281 236 323 in
276 279 411 323 hisce:
459 279 558 329 ἦσαν
597 280 637 321 δὲ
679 281 711 321 οἱ
755 276 1066 321 σπουδαιότατα
1102 274 1266 317 Φάντων
1298 275 1364 317 καὶ
1399 274 1655 328 Ἐχεκράτης
1688 273 1757 317 καὶ

190 350 456 402 Πολύμναςος
500 351 568 393 καὶ
614 355 788 398 Διοκλῆς
833 347 1039 397 Φλιάσιοι,
1084 345 1298 397 Ξενόφιλος
1342 346 1382 387 ’δὲ
1426 347 1652 392 Χαλκιδεὺς
1683 350 1760 387 τῶν

189 421 273 462 ἀπὸ
319 422 478 475 Θράκης
524 419 766 462 Χαλκιδέων.
812 417 1027 471 ἐφύλαξαν
1063 417 1136 467 μὲν
1169 414 1231 458 οὐν
1259 417 1314 457 τά
1346 416 1391 466 ἐξ
1421 418 1551 469 ἀρχῆς
1585 416 1653 465 ἤθη
1688 415 1759 457 καὶ

188 491 246 532 τά
279 491 514 541 μαθήματα
555 491 685 532 καίτοι
719 490 980 535 ἐκλειπούσης
1015 493 1086 536 τῆς
1122 485 1304 538 αἱρέσεως
1339 485 1409 531 ἕως
1443 488 1613 537 εὐγενῶς
1648 489 1760 537 ἠφα-

189 560 389 609 νίσθησαν.
430 564 569 602 ταῦτα
612 562 686 610 μὲν
718 558 780 602 οὐν
813 557 1057 610 Ἀριςόξενος
1093 557 1309 607 διηγεῖται.
1373 556 1438 598 Ex
1470 557 1616 599 eodem
1647 556 1760 598 fonte

187 635 412 673 manarunt
457 645 562 686 quae
609 631 755 672 scribit
802 630 1009 686 Diogenes
1052 628 1189 670 Laert.
1233 627 1344 669 VIII.
1391 626 1461 668 46.
1503 627 1547 668 τὸ
1591 626 1760 676 σύςημα

190 699 550 756 (Pytkayoreorum)
594 701 762 751 διέμεινε
805 699 928 750 μέχρι
969 703 1115 748 γενεῶν
1159 697 1271 739 ἐννέα
1314 698 1335 746 ἢ
1383 697 1468 753 (καὶ
1503 697 1602 752 del.)
1638 695 1761 738 δέκα·

188 777 416 813 τελευταῖοι
451 772 532 823 γάρ
566 772 745 822 ἐγένοντο
778 775 854 811 τῶν
886 768 1189 820 Πυθαγορείων,
1223 766 1305 813 οὓς
1339 769 1426 809 καὶ
1460 766 1759 818 Ἀρις-όξενος

189 837 323 890 εἶδε,
359 841 574 893 Ξενόφιλός
608 858 653 883 τε
687 842 704 883 ὅ
739 839 964 886 Χαλκιδεὺς
999 840 1080 880 άπὸ
1116 839 1276 893 Θράκης
1310 837 1378 878 καὶ
1415 838 1578 879 Φάντων
1612 836 1629 877 o‘
1667 842 1762 877 Φλι-

188 908 300 957 άσιος
343 912 412 953 καὶ
455 912 712 964 Ἐχεκράτης
755 911 822 953 καὶ
860 915 1035 957 Διοκλῆς
1069 909 1137 950 καὶ
1176 909 1438 958 Πολύμνηςος
1474 908 1657 949 Φλιάσιοι
1691 905 1760 947 καὶ

189 982 328 1023 αὐτοί·
372 980 472 1030 ἦσαν
515 983 553 1024 δὲ
598 982 793 1034 άκροαταὶ
836 982 1036 1022 Φιλολάου
1071 980 1136 1020 καὶ
1170 980 1346 1030 Εὐρύτου
1380 984 1455 1021 τῶν
1487 977 1760 1030 Ταραντίνων.

188 1050 252 1093 Ex
294 1053 446 1107 quibus
487 1054 625 1096 verbis
657 1052 941 1109 intelligimus
972 1052 1047 1093 hos
1078 1051 1445 1107 Pythagoreorum
1477 1049 1654 1091 ultimos
1686 1047 1764 1089 Ta-

187 1123 297 1162 renti
329 1124 463 1164 vitam
495 1125 651 1179 egisse,
686 1123 759 1164 ubi
794 1136 862 1163 eos
894 1123 1167 1163 Aristoxenus
1200 1134 1343 1162 omnes
1376 1120 1485 1161 vidit
1517 1124 1558 1161 et
1590 1119 1639 1161 de
1677 1117 1760 1174 Py-

189 1190 400 1248 thagoreis
441 1193 579 1234 multa
621 1207 670 1234 ex
711 1194 763 1234 iis
796 1192 984 1239 audivit,
1025 1192 1272 1246 praesertim
1306 1205 1356 1232 ex
1389 1189 1647 1244 Xenophilo,
1680 1201 1760 1242 quo

189 1274 285 1302 eum
318 1266 523 1320 magistro
556 1277 681 1304 usum
715 1276 799 1304 esse
833 1263 934 1304 satis
973 1265 1146 1303 constat.
1213 1259 1379 1303 Gellius
1410 1260 1463 1301 N.
1500 1262 1548 1302 A.
1583 1259 1653 1301 IV.
1691 1258 1759 1300 11.

188 1346 300 1385 quam
331 1349 410 1374 rem
441 1335 597 1375 videtur
629 1334 937 1387 (Aristoxenus)
971 1332 1188 1384 coqnovisse
1213 1346 1232 1372 e
1259 1330 1472 1384 Xenophilo
1504 1329 1761 1382 Pytkayorz'eo

176 1402 394 1456 familiari
423 1419 492 1445 Suo
525 1409 560 1445 et
593 1419 638 1445 ere
671 1403 900 1459 quibusdam
932 1402 1027 1443 aliis
1059 1407 1155 1442 natu
1187 1401 1418 1451 maioribus,
1459 1401 1528 1455 qui
1560 1401 1606 1440 ab
1639 1403 1763 1440 aetate

187 1472 438 1528 Pytkayorae
468 1476 577 1515 haud
605 1475 767 1515 multum
799 1474 984 1521 aberant,
1021 1472 1230 1527 siquidem
1263 1472 1369 1512 haud
1399 1472 1561 1512 multum
1594 1470 1645 1512 de
1673 1483 1761 1524 sep-

189 1544 277 1584 tem
309 1548 496 1586 aetatum
528 1544 751 1586 intervallo
785 1544 868 1585 dici
901 1547 1050 1598 potest.

247 1612 510 1670 Xenophilus
543 1613 613 1657 CV
646 1628 772 1656 annos
804 1615 959 1656 vixisse
991 1613 1171 1655 traditur
1202 1612 1312 1667 apud
1341 1612 1576 1653 Lucianum
1609 1613 1654 1651 de
1680 1611 1762 1651 lon-

183 1685 318 1735 qaevz‘s
363 1700 450 1741 cap.
498 1684 566 1726 18.
615 1686 690 1727 ubi
736 1687 968 1726 notandum
1015 1687 1077 1725 est
1122 1697 1220 1725 eum
1268 1683 1350 1724 dici
1394 1682 1561 1723 Athenis
1606 1682 1762 1723 vixisse

191 1755 420 1812 (Ἀθήνησιν
463 1756 666 1808 ἐβίωσεν).
731 1754 1047 1797 Commemorat
1083 1754 1358 1795 Aristoxenus
1389 1756 1574 1794 veterem
1605 1752 1762 1807 magis-

189 1830 304 1868 trum
349 1827 460 1881 apud
500 1826 735 1882 Diogenem
777 1825 914 1866 Laert.
949 1823 1070 1873 VIII,
1118 1823 1186 1864 15.
1221 1822 1363 1872 ἔλεγόν
1397 1838 1442 1863 τε
1474 1821 1542 1863 καὶ
1576 1820 1608 1863 οἱ
1641 1819 1761 1862 άλλοι

191 1896 450 1948 Πυθαγόρειοι
484 1898 540 1946 μη
575 1894 674 1937 εἶναι
709 1896 802 1947 πρὸς
836 1894 998 1940 πάντας
1033 1893 1172 1935 πάντα
1206 1893 1330 1946 ῥητά,
1372 1891 1419 1939 ὥς
1453 1896 1577 1944 φησιν
1609 1890 1763 1943 Ἀριςό-

189 1966 296 2016 ξενος
330 1969 368 2009 ἐν
401 1974 451 2018 τῇ
485 1967 633 2019 δεκάτη
666 1966 938 2007 Παιδευτικῶν
972 1965 1123 2015 νόμων,
1158 1963 1248 2005 ἔνθα
1281 1965 1348 2005 καὶ
1379 1963 1593 2015 Ξενόφιλον
1621 1964 1762 2012 ἐρωτη-

190 2039 309 2080 θέντα
358 2040 439 2083 πῶς
487 2037 536 2079 ἂν
584 2036 750 2086 μάλιςα
797 2036 864 2077 τὸν
913 2036 992 2076 υἱὸν
1041 2034 1293 2076 παιδεύσειεν
1341 2035 1492 2075 εἰπεῖν·
1535 2034 1566 2074 εἰ
1607 2031 1762 2078 πόλεως

189 2107 476 2157 εὐνομουμένης
512 2107 709 2157 γενηθείη.
758 2105 988 2160 Xenophili
1021 2105 1182 2146 dictum
1215 2106 1260 2145 in
1291 2118 1381 2146 rem
1408 2117 1528 2145 suam
1558 2102 1764 2144 convertit

187 2177 482 2233 Hippodamus
514 2177 808 2233 Pythagoreus
839 2177 884 2217 in
917 2175 1087 2217 Stobaei
1119 2175 1348 2231 Florilegio
1380 2173 1479 2216 103.
1508 2172 1578 2215 26.
1613 2173 1655 2214 οὐ
1680 2172 1763 2224 γάρ

188 2248 302 2299 μόνον
351 2249 428 2289 ταν
476 2250 619 2289 κτᾶσιν
663 2247 774 2299 ἔχειν
815 2247 876 2288 δεῖ
914 2250 989 2286 τῶν
1033 2250 1167 2286 καλῶν
1212 2245 1329 2286 άλλά
1373 2244 1440 2285 καὶ
1486 2243 1562 2285 ταν
1604 2242 1760 2284 ἔναυ-ιν·

188 2322 327 2360 ταῦτα
360 2319 399 2359 ’δὲ
433 2316 573 2359 πάντα
607 2318 760 2358 ἐσεῖται
795 2317 896 2358 αἴκα
930 2314 1067 2362 πόλιος
1103 2315 1396 2365 εὐνομουμένοις
1430 2315 1539 2367 τύχη
1572 2313 1588 2354 ὁ
1623 2312 1763 2365 ἄνθρω-

188 2404 273 2435 πος.
318 2389 385 2430 καὶ
429 2391 566 2430 ταῦτα
609 2387 800 2444 (ταύταν)
843 2388 916 2437 μὲν
958 2386 1038 2437 ἐγώ
1082 2390 1196 2439 φαμι
1241 2383 1340 2436 ἦμεν
1383 2384 1427 2426 τὸ
1472 2383 1761 2436 ὀνομαζόμενον

189 2459 446 2510 Ἀμαλθείας
480 2458 611 2510 κέρας.

248 2599 390 2644 Multa
421 2599 621 2656 leguntur
652 2601 697 2641 in
725 2610 952 2641 APOLLONII
980 2599 1219 2656 fragmento
1247 2596 1524 2654 §254—264
1552 2595 1763 2652 praeclara

189 2676 229 2713 et
261 2673 370 2713 scitu
403 2670 652 2726 dignissima
684 2674 725 2711 et
757 2684 861 2724 quae
892 2683 973 2711 non
1007 2669 1110 2711 alibi
1142 2670 1272 2726 legas.
1335 2668 1529 2709 Primum
1557 2681 1607 2708 ex
1635 2666 1762 2721 Apol-

185 2742 297 2784 lonio
339 2739 555 2795 intelligas
595 2752 677 2780 non
709 2741 753 2779 in
784 2753 867 2780 una
899 2740 1001 2781 urbe
1038 2738 1250 2794 (Crotone)
1285 2740 1496 2793 impetum
1529 2738 1572 2777 in
1604 2735 1762 2792 Pytha-

185 2825 332 2870 goreos
374 2824 460 2852 esse
501 2809 687 2862 factum,
731 2808 802 2850 sed
832 2810 876 2849 in
907 2809 1116 2864 plerisque
1149 2808 1348 2852 Graeciae
1381 2808 1553 2849 maioris
1586 2807 1762 2849 urbibus

185 2885 294 2929 inter
324 2880 589 2924 nobilitatem
622 2883 663 2920 et
694 2877 861 2933 plebem
893 2879 1142 2922 factionibus
1167 2879 1368 2922 acerrime
1395 2891 1481 2920 esse
1507 2882 1758 2934 pugnatum.
